2914 4728
224 279 270 346 24

225 455 339 520 atticos
374 457 519 534 occurrit,
555 475 580 520 a.
609 475 653 536 gr.
688 455 786 520 Thuc.
821 457 845 520 Ι.
870 456 899 519 8.
934 451 1069 529 πάντων
1104 448 1161 518 οὖν
1195 451 1350 519 τούτων

224 569 368 654 λογισμῷ
392 569 443 632 uui
467 566 607 653 προνοίᾳ
630 617 635 630 .
655 617 660 630 .
679 617 686 630 .
705 616 737 631 ..
762 563 1072 652 μεταπεμψάμενος
1096 562 1156 632 οὖν
1178 591 1207 631 κ.
1234 593 1265 630 τ.
1304 571 1342 630 λ.

229 719 260 729 -
290 681 427 747 Cobetus
458 682 584 764 scripsit
620 681 743 756 εἴπατε,
781 681 835 745 sed
870 700 942 746 cnm
973 680 1102 768 ἐνοχλεῖ,
1141 676 1345 762 ἐποιήσατο

226 798 436 878 subsequatur
466 794 662 877 probabilius
694 796 838 859 uidemur
861 795 951 861 codd.
981 795 1154 860 lectionem
1184 795 1346 860 retinere

226 927 318 989 posse
362 913 393 974 et
436 927 471 972 er
507 908 685 990 insequenti
719 908 903 990 pronomine
938 909 1046 974 interr.
1079 906 1126 980 τίς
1159 925 1345 972 assumere

226 1021 323 1087 iudei.
347 1045 405 1094 τις.

307 1132 442 1198 καίτοι
467 1134 595 1206 οὕτως
618 1139 792 1221 ἐνοχλεῖ,
819 1134 918 1200 ὥστε
940 1132 1030 1217 cepi
1053 1131 1247 1206 πλείονος

257 1246 490 1330 ἐποιήσατο
516 1245 787 1330 ὃοκεῖνέμοῠ
810 1243 1031 1329 κήδεσθαι,
1058 1245 1309 1331 καὶμᾶλλον

599 1365 697 1444 ἐμοῦ
723 1371 949 1425 κατειπεῖν.

315 1475 417 1540 Locus
442 1479 490 1540 est
514 1475 781 1556 corruptissimus
826 1474 1027 1545 Eristiterunt¹
1052 1473 1115 1557 qui·
1130 1473 1227 1539 trium
1252 1495 1339 1540 ver-

230 1591 342 1652 borum
366 1588 495 1675 ἐνοχλεῖ,
528 1583 719 1670 ἐποιήσατο,
750 1584 836 1674 ἔλεγε
866 1606 1032 1652 numerum
1055 1591 1215 1654 mutantes
1244 1589 1340 1655 baec

230 1700 539 1766 scribere‘matlent:
571 1700 723 1786 ἐνοχλεῖτε
750 1701 816 1785 (vel
838 1700 953 1765 melius
981 1704 1108 1783 propter
1130 1697 1332 1784 ἐποιήσατο,

227 1811 421 1900 ἠνωχλεῖτο),
449 1810 666 1896 ἐποιήσασθε,
692 1811 821 1899 ἐλέγετε.
860 1812 928 1893 Quo
952 1814 1027 1895 quid
1050 1815 1219 1880 incertius!
1245 1816 1335 1881 Om-

230 1929 283 1993 nia
305 1928 383 1994 haec
412 1929 452 1993 ad
482 1927 745 1992 calumniatorem
768 1924 932 1990 referenda
962 1945 1030 1992 esse
1063 1947 1099 1992 ex
1129 1927 1196 1992 solo
1227 1928 1333 1994 verbo

230 2046 349 2127 ἐνοχλεῖ
371 2045 510 2124 apparet,
540 2060 601 2122 quio
625 2039 756 2104 minime
785 2039 824 2102 ad
854 2039 1001 2104 nuntium
1029 2039 1123 2104 illum
1152 2060 1334 2106 conuersus

231 2155 277 2219 nti
300 2155 413 2237 petiuit,
438 2155 475 2217 de
499 2171 560 2235 qno
584 2152 601 2234 ξ
625 2153 645 2215 9
670 2152 748 2218 dicit
771 2154 891 2224 ἐκεῖνος
912 2153 974 2235 μὲν
1002 2149 1064 2238 γὰρ
1094 2151 1169 2236 ἐμοὶ
1197 2148 1337 2239 χαριζό-

230 2290 342 2350 μενος.
402 2267 528 2331 Erravit
567 2266 665 2348 igitnr
704 2264 861 2348 Angelus.
917 2266 1026 2332 Facile
1067 2266 1334 2348 praesumptione

231 2381 368 2463 quadem
398 2380 484 2444 facta
513 2378 778 2443 calumniatorum
807 2378 991 2461 principem,
1028 2379 1061 2443 in
1091 2398 1185 2461 quem
1214 2382 1335 2461 postea

232 2494 335 2558 acrius
359 2492 518 2557 invehitur
531 2491 563 2573 (ἓ
578 2491 632 2574 10)
644 2491 818 2556 Diodorum
841 2492 893 2556 hio
916 2496 1038 2574 spectat
1057 2497 1172 2560 orator.
1203 2489 1335 2558 Καίτοι

234 2607 420 2689 opponentis
445 2624 515 2670 cnm
540 2605 582 2669 sit
606 2605 644 2668 ab
668 2604 728 2668 hoc
755 2604 826 2669 loco
857 2605 998 2670 alienum
1032 2609 1096 2684 est;
1131 2626 1187 2689 pro
1221 2603 1335 2671 καίτοι

234 2719 336 2791 οὕτως
360 2719 497 2784 scribere
521 2717 688 2782 maluerim
712 2715 766 2780 καί
778 2741 838 2801 μοι
851 2718 964 2794 οὕτως,
991 2719 1036 2783 sic
1060 2723 1091 2783 et
1114 2720 1194 2786 bone
1218 2721 1334 2786 omnia

234 2834 403 2900 cohaerent
432 2836 463 2898 et
487 2832 575 2896 verbi
598 2812 796 2896 constructio
815 2831 938 2913 plenior
967 2835 1120 2898 seruatur.
1165 2835 1203 2898 In
1233 2834 1331 2901 codd.

233 2948 319 3012 haud
343 2965 412 3010 raro
437 2945 538 3010 forma
551 2942 654 3009 καίτοι
666 2945 749 3009 male
762 2963 818 3027 pro
830 2942 884 3007 uui
893 2967 953 3027 μοι
969 2945 1104 3027 irrepsit.
1129 2947 1184 3011 eir.
1197 2946 1237 3011 X.
1250 2946 1271 3029 ξ
1286 2948 1331 3011 14

235 3061 290 3124 ubi
313 3058 500 3124 Mar·klando
524 3058 703 3140 nuperrime
728 3058 864 3124 editores
888 3076 997 3123 omnes
1027 3059 1148 3124 assensi
1172 3062 1246 3124 sunt
1268 3078 1329 3140 pro

236 3169 340 3234 καίτοι
376 3166 547 3256 ἀνάγνωθι
579 3167 639 3235 τὸν
661 3165 769 3255 νόμον
791 3169 845 3235 κατ’
876 3194 936 3254 μοι
960 3194 991 3235 u.
1017 3196 1046 3235 τ.
1072 3194 1103 3235 ν.
1141 3171 1330 3238 scribentes·

235 3286 325 3350 idem
348 3285 435 3348 velet
466 3285 503 3348 de
527 3284 600 3368 Lps.
631 3284 703 3349 XII.
735 3283 752 3366 ἓ
777 3285 828 3350 81.
876 3284 1014 3349 Cobetus
1042 3285 1161 3350 inserto
1190 3283 1329 3349 articulo

196 3443 201 3450 ·
237 3397 323 3482 dedit
347 3395 420 3480 περὶ
443 3397 593 3469 πλείονος
616 3392 795 3479 ἐποιήσατο
818 3394 855 3461 τὸ
881 3394 997 3474 δοκεῖν,
1024 3417 1084 3480 quc
1108 3398 1328 3463 additamento

238 3529 315 3594 opus
351 3530 420 3576 esse
450 3528 542 3593 nego.
577 3510 616 3575 cf.
652 3510 817 3576 Demostb.
852 3511 938 3576 XIX.
974 3511 1037 3576 184
1070 3508 1144 3593 περὶ
1176 3507 1330 3582 πλείονος

237 3627 413 3688 ἐποιοῦντο
447 3619 509 3706 τήν
542 3628 606 3686 τῶν
628 3619 794 3706 Ἑλλήνων
824 3622 1009 3706 ἐλευθερίαν
1040 3622 1215 3707 διατηρεῖν.
1251 3623 1327 3706 Lys.

237 3735 351 3802 XXXI.
383 3736 400 3817 ἓ
427 3736 476 3802 18.
523 3737 665 3819 Denique
693 3735 789 3801 uerba
817 3737 869 3799 καὶ
897 3741 1023 3820 μᾶλλον
1051 3741 1131 3822 ἐμοῦ
1162 3745 1330 3802 κατειπεῖν

237 3853 312 3916 sunt
335 3849 497 3914 tentanda.
542 3849 742 3915 antecedens
764 3848 838 3933 περὶ
861 3847 1012 3923 πλείονος
1039 3856 1076 3917 ut
1097 3854 1249 3934 sequatur
1269 3853 1329 3916 aut

236 3959 258 4044 ἦ
283 3965 338 4027 ant
362 3960 534 4026 Genetivns
557 3961 647 4045 tagit
668 3965 691 4028 t.
736 3964 848 4045 Itaque
880 3982 916 4026 er
940 3963 1114 4030 Foertschii
1144 3964 1327 4047 conJectura

238 4071 1328 4158 mmmmmmfflmmdmmmfflm
