2914 4728
265 1384 327 1465 Ile
355 1385 670 1485 Pseudolusrue
699 1386 900 1469 oratioue
929 1391 1096 1472 octavu.

630 1600 733 1611 --,-

130 1861 132 1866 ¹
229 1752 303 1852 Quo
334 1769 454 1862 majore
487 1781 570 1862 apurd
594 1786 715 1846 veteres
741 1782 852 1864 Lysias
881 1783 975 1847 laude
1000 1784 1156 1869 floruitu,
1189 1805 1224 1850 eo

132 1895 238 1977 magis
268 1895 439 1959 dolendum
468 1898 516 1958 est
546 1885 627 1975 quod
658 1913 697 1958 ne
728 1913 783 1959 eae
814 1896 952 1978 quidem,
983 1916 1064 1978 quae
1086 1917 1130 1960 -er
1161 1897 1225 1961 233

133 2007 203 2090 ejus
233 2007 439 2086 orationibus,
470 2025 488 2070 a
518 2006 649 2088 Dionys.
680 2007 755 2072 Hal.
786 2011 1051 2087 commemoratis,
1082 2014 1222 2075 aetatem

132 2121 286 2197 tulerunt,
315 2125 371 2186 ant
401 2121 543 2211 integrae
567 2123 641 2184 sunt
665 2116 807 2186 seruatae
837 2140 946 2186 omues
976 2126 1032 2187 aut
1060 2124 1105 2187 ita
1135 2142 1223 2188 com-

131 2239 271 2316 paratae,
294 2238 329 2298 ut
353 2235 390 2298 de
415 2233 552 2317 genuina
576 2251 683 2296 earum
707 2234 886 2298 conditione
915 2234 1053 2302 dubitari
1077 2241 1221 2318 nequeat.

132 2347 309 2427 Quodcum
332 2347 364 2411 in
387 2347 468 2410 alias
491 2345 610 2410 multas
633 2346 791 2411 orationes
815 2348 910 2426 cadit,
933 2367 1013 2431 quae
1037 2350 1096 2428 sub
1108 2349 1222 2432 Lysiae

106 2461 259 2542 ,nomine
277 2460 467 2537 venduntur,
491 2463 559 2524 tum
583 2460 615 2524 in
639 2464 795 2540 octavam,
819 2478 898 2543 quae
923 2461 1026 2542 qualis
1051 2462 1129 2525 mihi
1152 2481 1220 2526 esse

133 2573 275 2638 videatur
299 2574 343 2638 ita
366 2590 529 2654 exponam,
553 2576 594 2636 ut
624 2573 793 2654 primum
817 2591 899 2638 eam
923 2574 1068 2655 Lysiae
1099 2574 1221 2657 abju-

132 2686 343 2751 dicandam
360 2705 448 2750 esse
465 2685 752 2763 demonstrem,
777 2686 919 2750 deinde
937 2705 1030 2751 vero
1054 2705 1220 2768 corrup·

131 2802 192 2882 tos
222 2799 432 2882 quosdam,
467 2797 534 2880 qni
564 2799 760 2879 permulti
795 2799 831 2862 in
867 2818 910 2863 ea
945 2801 1219 2881 reperiuntur,

130 2912 242 2977 locos
267 2925 561 2977 sanare'coner.
1002 2980 1005 2986 ,
1099 2999 1101 3007 χ

217 3025 265 3090 Ao
288 3023 574 3107 primum'quidem
599 3042 680 3106 quae
712 3024 743 3089 iu
772 3023 929 3106 judicium
952 3026 1039 3089 venit
1069 3027 1217 3105 elocutio,

131 3139 167 3203 de
191 3157 230 3204 ea
251 3139 394 3221 quaestio
419 3141 468 3202 est
491 3137 742 3219 impeditissima.
789 3135 867 3201 Cum
893 3139 978 3202 enim
1009 3156 1070 3202 nou
1095 3157 1219 3220 semper

130 3251 189 3316 sibi
224 3255 370 3316 constent
401 3253 540 3315 oratores
569 3250 634 3314 sive
667 3250 705 3314 ab
740 3249 859 3314 usitato
894 3269 1037 3314 sermono
1072 3252 1217 3332 consulto

129 3410 234 3417 ’.ω-.-
247 3411 257 3416 .-

216 3508 238 3580 ¹)
258 3512 367 3581 Dionys.
386 3511 447 3566 Hal.
467 3511 491 3564 d.
510 3511 572 3580 Lyn
593 3539 622 3546 -
643 3510 720 3565 Plato
739 3510 852 3564 Phaedr.
864 3539 894 3548 -
907 3511 1000 3565 Suidas
1020 3529 1040 3565 s.
1062 3530 1084 3565 v.
1100 3514 1214 3568 Aonius.

133 3625 166 3636 —-
185 3596 309 3666 Hermog.
334 3619 362 3653 π.
384 3593 420 3650 id.
441 3616 465 3668 p.
485 3602 544 3654 350.
564 3625 597 3634 -
617 3597 671 3650 Cic.
686 3599 766 3652 ¹Brut.
786 3596 857 3651 Orat.
879 3628 910 3634 -
930 3597 1216 3663 Quinquatruum:

129 3686 238 3755 »Lysias
251 3684 462 3755 optimevidetnr
479 3685 507 3737 in
525 3685 566 3746 iis,
586 3701 651 3752 qnae
670 3683 803 3738 scribebat
821 3684 943 3753 indoctis,
962 3702 1080 3738 seruasse
1096 3687 1215 3740 veritatis

127 3771 230 3828 fidem«.
251 3803 284 3810 -
312 3775 341 3827 Α.
369 3772 437 3828 Gall.
463 3772 497 3826 N.
523 3771 555 3825 Α.
575 3772 612 3825 ll.
638 3777 662 3827 5.
693 3770 731 3824 »ei
759 3788 789 3824 ex
816 3771 936 3825 Platonis
964 3773 1081 3826 oratione
1108 3773 1215 3826 verbum

126 3859 233 3930 aliquod
258 3859 346 3915 denras
363 3863 481 3914 mutesve
505 3862 585 3929 atquo
609 3858 637 3912 id
655 3859 893 3914 commodatissimo
916 3859 1006 3921 facias,
1030 3859 1062 3912 do
1085 3859 1216 3929 elegantia

125 3951 214 4001 tamon
232 3947 390 4011 detraxeris;
409 3948 432 4000 si
453 3963 484 4000 ox
502 3947 605 4015 Lysiae,
624 3945 655 4000 de
674 3946 831 4001 sententia«.
851 3973 884 3982 -
903 3946 982 4000 Phot.
1003 3945 1059 4000 cod.
1079 3949 1137 4002 262.
1158 3945 1215 3998 dou

126 4030 159 4084 di
176 4032 309 4090 dAooiur
328 4032 478 4102 δεινὸςμέν
490 4031 686 4099 medicandus,
708 4028 865 4099 ἐπιτήδειος
884 4030 914 4085 δὲ
933 4031 997 4088 rode
1015 4031 1085 4100 πρὸς
1100 4031 1215 4099 αὔξησιν

127 4116 269 4186 daedalum
288 4117 391 4190 λόγους.
