<?xml version="1.0" encoding="UTF-8"?>
<!DOCTYPE html PUBLIC "-//W3C//DTD XHTML 1.0 Transitional//EN"
    "http://www.w3.org/TR/xhtml1/DTD/xhtml1-transitional.dtd">
<html xmlns="http://www.w3.org/1999/xhtml" xml:lang="en" lang="en">
 <head>
  <title>
</title>
<meta http-equiv="Content-Type" content="text/html;charset=utf-8" />
  <meta name='ocr-system' content='tesseract 3.04.00' />
  <meta name='ocr-capabilities' content='ocr_page ocr_carea ocr_par ocr_line ocrx_word'/>
</head>
<body>
  <div class='ocr_page' id='page_1' title='image "./depseudolysiaeo00lysigoog_0011.png"; bbox 0 0 2914 4728; ppageno 0'>
   <div class='ocr_carea' id='block_1_1' title="bbox 227 469 1324 1005">
    <p class='ocr_par' dir='ltr' id='par_1_1' title="bbox 227 469 1321 652">
     <span class='ocr_line' id='line_1_1' title="bbox 227 469 1321 556; baseline -0.004 -18"><span class='ocrx_word' id='word_1_1' title='bbox 227 471 483 556; x_wconf 85' lang='lat' dir='ltr'>Buermaunus1)</span> <span class='ocrx_word' id='word_1_2' title='bbox 513 470 691 553; x_wconf 81' lang='lat' dir='ltr'>nuperrime</span> <span class='ocrx_word' id='word_1_3' title='bbox 719 470 806 535; x_wconf 85' lang='lat' dir='ltr'>felici</span> <span class='ocrx_word' id='word_1_4' title='bbox 836 488 932 536; x_wconf 89' lang='lat' dir='ltr'>manu</span> <span class='ocrx_word' id='word_1_5' title='bbox 961 469 1039 535; x_wconf 88' lang='lat' dir='ltr'>vitia</span> <span class='ocrx_word' id='word_1_6' title='bbox 1067 470 1209 549; x_wconf 75' lang='lat' dir='ltr'><strong>sustulit,</strong></span> <span class='ocrx_word' id='word_1_7' title='bbox 1242 489 1321 552; x_wconf 82' lang='lat' dir='ltr'>quae</span> 
     </span>
     <span class='ocr_line' id='line_1_2' title="bbox 228 583 624 652; baseline -0.005 -2"><span class='ocrx_word' id='word_1_8' title='bbox 228 604 284 652; x_wconf 89' lang='lat' dir='ltr'>suo</span> <span class='ocrx_word' id='word_1_9' title='bbox 307 585 377 650; x_wconf 94' lang='lat' dir='ltr'>loco</span> <span class='ocrx_word' id='word_1_10' title='bbox 400 583 624 649; x_wconf 88' lang='lat' dir='ltr'>laudabuntur.</span> 
     </span>
    </p>

    <p class='ocr_par' dir='ltr' id='par_1_2' title="bbox 229 696 1324 1005">
     <span class='ocr_line' id='line_1_3' title="bbox 314 696 1322 782; baseline -0.003 -20"><span class='ocrx_word' id='word_1_11' title='bbox 314 700 361 762; x_wconf 91' lang='lat' dir='ltr'>De</span> <span class='ocrx_word' id='word_1_12' title='bbox 385 715 498 782; x_wconf 79' lang='lat' dir='ltr'>genere</span> <span class='ocrx_word' id='word_1_13' title='bbox 522 697 657 774; x_wconf 83' lang='lat' dir='ltr'>dicendi,</span> <span class='ocrx_word' id='word_1_14' title='bbox 687 714 748 779; x_wconf 92' lang='lat' dir='ltr'>quo</span> <span class='ocrx_word' id='word_1_15' title='bbox 772 696 842 778; x_wconf 92' lang='lat' dir='ltr'>quis</span> <span class='ocrx_word' id='word_1_16' title='bbox 866 697 1000 779; x_wconf 81' lang='lat' dir='ltr'><strong>scriptor</strong></span> <span class='ocrx_word' id='word_1_17' title='bbox 1028 716 1105 762; x_wconf 87' lang='lat' dir='ltr'>usus</span> <span class='ocrx_word' id='word_1_18' title='bbox 1128 697 1180 775; x_wconf 66' lang='lat' dir='ltr'>sit,⁴</span> <span class='ocrx_word' id='word_1_19' title='bbox 1213 697 1322 779; x_wconf 87' lang='lat' dir='ltr'>dispu-</span> 
     </span>
     <span class='ocr_line' id='line_1_4' title="bbox 231 811 1324 893; baseline -0.004 -15"><span class='ocrx_word' id='word_1_20' title='bbox 231 816 355 878; x_wconf 80' lang='lat' dir='ltr'>tantem</span> <span class='ocrx_word' id='word_1_21' title='bbox 377 811 417 876; x_wconf 96' lang='lat' dir='ltr'>ad</span> <span class='ocrx_word' id='word_1_22' title='bbox 441 828 494 875; x_wconf 83' lang='lat' dir='ltr'>eas</span> <span class='ocrx_word' id='word_1_23' title='bbox 517 828 609 874; x_wconf 85' lang='lat' dir='ltr'>voces</span> <span class='ocrx_word' id='word_1_24' title='bbox 633 812 666 873; x_wconf 89' lang='lat' dir='ltr'>et</span> <span class='ocrx_word' id='word_1_25' title='bbox 687 812 872 885; x_wconf 76' lang='lat' dir='ltr'>structurae,</span> <span class='ocrx_word' id='word_1_26' title='bbox 897 829 1029 893; x_wconf 87' lang='lat' dir='ltr'>quarum</span> <span class='ocrx_word' id='word_1_27' title='bbox 1052 814 1178 893; x_wconf 86' lang='lat' dir='ltr'>praeter</span> <span class='ocrx_word' id='word_1_28' title='bbox 1201 813 1324 875; x_wconf 88' lang='lat' dir='ltr'>ceteras</span> 
     </span>
     <span class='ocr_line' id='line_1_5' title="bbox 229 922 1323 1005; baseline -0.003 -15"><span class='ocrx_word' id='word_1_29' title='bbox 229 943 338 990; x_wconf 85' lang='lat' dir='ltr'>emens</span> <span class='ocrx_word' id='word_1_30' title='bbox 363 927 411 988; x_wconf 90' lang='lat' dir='ltr'>est</span> <span class='ocrx_word' id='word_1_31' title='bbox 434 927 553 1000; x_wconf 83' lang='lat' dir='ltr'>auctor,</span> <span class='ocrx_word' id='word_1_32' title='bbox 585 922 740 1005; x_wconf 79' lang='lat' dir='ltr'>respicere</span> <span class='ocrx_word' id='word_1_33' title='bbox 764 942 892 988; x_wconf 86' lang='lat' dir='ltr'>necesse</span> <span class='ocrx_word' id='word_1_34' title='bbox 923 927 972 989; x_wconf 83' lang='lat' dir='ltr'>est</span> <span class='ocrx_word' id='word_1_35' title='bbox 1001 928 1033 990; x_wconf 92' lang='lat' dir='ltr'>et</span> <span class='ocrx_word' id='word_1_36' title='bbox 1063 942 1174 990; x_wconf 87' lang='lat' dir='ltr'>cavere</span> <span class='ocrx_word' id='word_1_37' title='bbox 1203 943 1243 988; x_wconf 92' lang='lat' dir='ltr'>ne</span> <span class='ocrx_word' id='word_1_38' title='bbox 1273 943 1323 988; x_wconf 90' lang='lat' dir='ltr'>res</span> 
     </span>
    </p>
   </div>
   <div class='ocr_carea' id='block_1_2' title="bbox 230 1037 1324 1234">
    <p class='ocr_par' dir='ltr' id='par_1_3' title="bbox 230 1037 1324 1234">
     <span class='ocr_line' id='line_1_6' title="bbox 230 1037 1323 1120; baseline -0.003 -17"><span class='ocrx_word' id='word_1_39' title='bbox 230 1039 368 1104; x_wconf 88' lang='lat' dir='ltr'>minores</span> <span class='ocrx_word' id='word_1_40' title='bbox 403 1037 636 1102; x_wconf 83' lang='lat' dir='ltr'>confundantur</span> <span class='ocrx_word' id='word_1_41' title='bbox 670 1055 743 1101; x_wconf 92' lang='lat' dir='ltr'>cum</span> <span class='ocrx_word' id='word_1_42' title='bbox 776 1037 989 1120; x_wconf 86' lang='lat' dir='ltr'>gravioribus;</span> <span class='ocrx_word' id='word_1_43' title='bbox 1028 1056 1102 1102; x_wconf 89' lang='lat' dir='ltr'>narn</span> <span class='ocrx_word' id='word_1_44' title='bbox 1121 1037 1323 1120; x_wconf 69' lang='lat' dir='ltr'>,saepissImc</span> 
     </span>
     <span class='ocr_line' id='line_1_7' title="bbox 231 1149 1324 1234; baseline -0.003 -18"><span class='ocrx_word' id='word_1_45' title='bbox 231 1151 347 1216; x_wconf 85' lang='lat' dir='ltr'>accidit</span> <span class='ocrx_word' id='word_1_46' title='bbox 370 1154 405 1215; x_wconf 90' lang='lat' dir='ltr'>ut</span> <span class='ocrx_word' id='word_1_47' title='bbox 426 1150 524 1214; x_wconf 92' lang='lat' dir='ltr'>nimio</span> <span class='ocrx_word' id='word_1_48' title='bbox 548 1149 653 1215; x_wconf 78' lang='lat' dir='ltr'>studIo</span> <span class='ocrx_word' id='word_1_49' title='bbox 677 1153 709 1214; x_wconf 90' lang='lat' dir='ltr'>et</span> <span class='ocrx_word' id='word_1_50' title='bbox 732 1168 838 1214; x_wconf 87' lang='lat' dir='ltr'>amore</span> <span class='ocrx_word' id='word_1_51' title='bbox 862 1150 944 1215; x_wconf 90' lang='lat' dir='ltr'>alius</span> <span class='ocrx_word' id='word_1_52' title='bbox 969 1150 1134 1234; x_wconf 88' lang='lat' dir='ltr'>cujusdam</span> <span class='ocrx_word' id='word_1_53' title='bbox 1158 1150 1324 1232; x_wconf 88' lang='lat' dir='ltr'>scriptoris</span> 
     </span>
    </p>
   </div>
   <div class='ocr_carea' id='block_1_3' title="bbox 125 1251 1323 1347">
    <p class='ocr_par' dir='ltr' id='par_1_4' title="bbox 125 1251 1323 1347">
     <span class='ocr_line' id='line_1_8' title="bbox 125 1251 1323 1347; baseline -0.002 -18"><span class='ocrx_word' id='word_1_54' title='bbox 125 1251 129 1258; x_wconf 71' lang='grc'><strong>’</strong></span> <span class='ocrx_word' id='word_1_55' title='bbox 229 1263 380 1329; x_wconf 90' lang='lat' dir='ltr'>commoti</span> <span class='ocrx_word' id='word_1_56' title='bbox 403 1263 633 1347; x_wconf 87' lang='lat' dir='ltr'>deprehendere</span> <span class='ocrx_word' id='word_1_57' title='bbox 662 1263 826 1327; x_wconf 88' lang='lat' dir='ltr'>videamur</span> <span class='ocrx_word' id='word_1_58' title='bbox 848 1281 927 1345; x_wconf 87' lang='lat' dir='ltr'>quae</span> <span class='ocrx_word' id='word_1_59' title='bbox 952 1268 1130 1344; x_wconf 87' lang='lat' dir='ltr'>congruunt</span> <span class='ocrx_word' id='word_1_60' title='bbox 1158 1282 1230 1327; x_wconf 90' lang='lat' dir='ltr'>oum</span> <span class='ocrx_word' id='word_1_61' title='bbox 1262 1283 1323 1328; x_wconf 89' lang='lat' dir='ltr'>usu</span> 
     </span>
    </p>
   </div>
   <div class='ocr_carea' id='block_1_4' title="bbox 228 1375 1327 2364">
    <p class='ocr_par' dir='ltr' id='par_1_5' title="bbox 228 1375 1327 2364">
     <span class='ocr_line' id='line_1_9' title="bbox 231 1375 1323 1460; baseline -0.001 -19"><span class='ocrx_word' id='word_1_62' title='bbox 231 1378 321 1442; x_wconf 91' lang='lat' dir='ltr'>illius</span> <span class='ocrx_word' id='word_1_63' title='bbox 345 1377 516 1460; x_wconf 86' lang='lat' dir='ltr'>scriptoris,</span> <span class='ocrx_word' id='word_1_64' title='bbox 540 1376 710 1442; x_wconf 83' lang='lat' dir='ltr'>abhorrent</span> <span class='ocrx_word' id='word_1_65' title='bbox 733 1375 773 1441; x_wconf 87' lang='lat' dir='ltr'>ab</span> <span class='ocrx_word' id='word_1_66' title='bbox 787 1395 834 1456; x_wconf 89' lang='grc'>00,</span> <span class='ocrx_word' id='word_1_67' title='bbox 857 1377 895 1442; x_wconf 93' lang='lat' dir='ltr'>de</span> <span class='ocrx_word' id='word_1_68' title='bbox 909 1377 1099 1459; x_wconf 86' lang='lat' dir='ltr'>quoagitur.</span> <span class='ocrx_word' id='word_1_69' title='bbox 1124 1376 1180 1441; x_wconf 84' lang='lat' dir='ltr'>cfr.</span> <span class='ocrx_word' id='word_1_70' title='bbox 1194 1393 1323 1458; x_wconf 82' lang='lat' dir='ltr'>quaeso,</span> 
     </span>
     <span class='ocr_line' id='line_1_10' title="bbox 228 1483 1323 1573; baseline -0.002 -19"><span class='ocrx_word' id='word_1_71' title='bbox 228 1491 447 1573; x_wconf 85' lang='lat' dir='ltr'>Xenophontis</span> <span class='ocrx_word' id='word_1_72' title='bbox 481 1490 636 1567; x_wconf 80' lang='lat' dir='ltr'>libellum,</span> <span class='ocrx_word' id='word_1_73' title='bbox 672 1489 726 1572; x_wconf 88' lang='lat' dir='ltr'>qui</span> <span class='ocrx_word' id='word_1_74' title='bbox 760 1483 858 1572; x_wconf 80' lang='grc' dir='ltr'><strong><em>ιιὸροι</em></strong></span> <span class='ocrx_word' id='word_1_75' title='bbox 891 1489 1085 1567; x_wconf 78' lang='lat' dir='ltr'>inscribitur,</span> <span class='ocrx_word' id='word_1_76' title='bbox 1119 1488 1174 1553; x_wconf 93' lang='lat' dir='ltr'>ubi</span> <span class='ocrx_word' id='word_1_77' title='bbox 1198 1489 1253 1552; x_wconf 89' lang='lat' dir='ltr'>IV.</span> <span class='ocrx_word' id='word_1_78' title='bbox 1280 1488 1323 1552; x_wconf 88' lang='lat'>39</span> 
     </span>
     <span class='ocr_line' id='line_1_11' title="bbox 229 1599 1323 1690; baseline -0.004 -21"><span class='ocrx_word' id='word_1_79' title='bbox 229 1603 384 1670; x_wconf 85' lang='lat' dir='ltr'>vocabulo</span> <span class='ocrx_word' id='word_1_80' title='bbox 407 1599 632 1690; x_wconf 75' lang='grc' dir='ltr'><strong><em>ὑπιργεμίζειν</em></strong></span> <span class='ocrx_word' id='word_1_81' title='bbox 655 1606 704 1668; x_wconf 90' lang='lat' dir='ltr'>est</span> <span class='ocrx_word' id='word_1_82' title='bbox 718 1607 745 1680; x_wconf 77' lang='lat'>²)</span> <span class='ocrx_word' id='word_1_83' title='bbox 774 1603 828 1685; x_wconf 90' lang='lat' dir='ltr'>qui</span> <span class='ocrx_word' id='word_1_84' title='bbox 851 1606 958 1667; x_wconf 89' lang='lat' dir='ltr'>utatur</span> <span class='ocrx_word' id='word_1_85' title='bbox 982 1603 1021 1666; x_wconf 90' lang='lat' dir='ltr'>ad</span> <span class='ocrx_word' id='word_1_86' title='bbox 1052 1603 1148 1667; x_wconf 89' lang='lat' dir='ltr'>fidem</span> <span class='ocrx_word' id='word_1_87' title='bbox 1177 1602 1323 1684; x_wconf 84' lang='lat' dir='ltr'>opusculi</span> 
     </span>
     <span class='ocr_line' id='line_1_12' title="bbox 229 1714 1324 1800; baseline -0.002 -18"><span class='ocrx_word' id='word_1_88' title='bbox 229 1717 491 1800; x_wconf 88' lang='lat' dir='ltr'>Xenophonteam</span> <span class='ocrx_word' id='word_1_89' title='bbox 514 1717 728 1794; x_wconf 84' lang='lat' dir='ltr'>muniendam,</span> <span class='ocrx_word' id='word_1_90' title='bbox 760 1734 830 1779; x_wconf 90' lang='lat' dir='ltr'>curn</span> <span class='ocrx_word' id='word_1_91' title='bbox 854 1715 1028 1797; x_wconf 86' lang='lat' dir='ltr'>Xenophon</span> <span class='ocrx_word' id='word_1_92' title='bbox 1052 1719 1138 1780; x_wconf 87' lang='lat' dir='ltr'>amet</span> <span class='ocrx_word' id='word_1_93' title='bbox 1166 1714 1324 1780; x_wconf 85' lang='lat' dir='ltr'>vocabula</span> 
     </span>
     <span class='ocr_line' id='line_1_13' title="bbox 230 1827 1325 1913; baseline -0.003 -18"><span class='ocrx_word' id='word_1_94' title='bbox 230 1851 301 1895; x_wconf 90' lang='lat' dir='ltr'>cum</span> <span class='ocrx_word' id='word_1_95' title='bbox 335 1827 417 1913; x_wconf 72' lang='lat' dir='ltr'>dudo</span> <span class='ocrx_word' id='word_1_96' title='bbox 449 1830 634 1913; x_wconf 85' lang='lat' dir='ltr'>composita,</span> <span class='ocrx_word' id='word_1_97' title='bbox 667 1827 836 1894; x_wconf 83' lang='lat' dir='ltr'>Richterus</span> <span class='ocrx_word' id='word_1_98' title='bbox 871 1831 975 1893; x_wconf 89' lang='lat' dir='ltr'>autem</span> <span class='ocrx_word' id='word_1_99' title='bbox 1012 1832 1047 1893; x_wconf 89' lang='lat' dir='ltr'>ut</span> <span class='ocrx_word' id='word_1_100' title='bbox 1080 1829 1325 1911; x_wconf 89' lang='lat' dir='ltr'>suppositicium</span> 
     </span>
     <span class='ocr_line' id='line_1_14' title="bbox 230 1941 1326 2024; baseline 0 -17"><span class='ocrx_word' id='word_1_101' title='bbox 230 1963 297 2008; x_wconf 91' lang='lat' dir='ltr'>esse</span> <span class='ocrx_word' id='word_1_102' title='bbox 329 1943 477 2009; x_wconf 92' lang='lat' dir='ltr'>libellum</span> <span class='ocrx_word' id='word_1_103' title='bbox 507 1944 711 2020; x_wconf 86' lang='lat' dir='ltr'>demonstret,</span> <span class='ocrx_word' id='word_1_104' title='bbox 741 1961 813 2006; x_wconf 92' lang='lat' dir='ltr'>oum</span> <span class='ocrx_word' id='word_1_105' title='bbox 835 1941 1011 2024; x_wconf 89' lang='lat' dir='ltr'>Xenophon</span> <span class='ocrx_word' id='word_1_106' title='bbox 1032 1960 1187 2024; x_wconf 78' lang='lat' dir='ltr'>nusquam</span> <span class='ocrx_word' id='word_1_107' title='bbox 1205 1942 1326 2007; x_wconf 85' lang='lat' dir='ltr'>habeat</span> 
     </span>
     <span class='ocr_line' id='line_1_15' title="bbox 229 2052 1327 2140; baseline -0.002 -20"><span class='ocrx_word' id='word_1_108' title='bbox 229 2056 361 2121; x_wconf 85' lang='lat' dir='ltr'>verbum</span> <span class='ocrx_word' id='word_1_109' title='bbox 384 2052 620 2140; x_wconf 74' lang='grc' dir='ltr'><strong><em>ὑπεργεμίζιιιι.</em></strong></span> <span class='ocrx_word' id='word_1_110' title='bbox 669 2056 781 2138; x_wconf 87' lang='lat' dir='ltr'>ltaque</span> <span class='ocrx_word' id='word_1_111' title='bbox 804 2055 942 2137; x_wconf 91' lang='lat' dir='ltr'>primum</span> <span class='ocrx_word' id='word_1_112' title='bbox 965 2054 1162 2137; x_wconf 83' lang='lat' dir='ltr'>proferamus</span> <span class='ocrx_word' id='word_1_113' title='bbox 1185 2073 1266 2137; x_wconf 88' lang='lat' dir='ltr'>quae</span> <span class='ocrx_word' id='word_1_114' title='bbox 1292 2055 1327 2119; x_wconf 94' lang='lat' dir='ltr'>in</span> 
     </span>
     <span class='ocr_line' id='line_1_16' title="bbox 231 2168 1327 2250; baseline -0.002 -16"><span class='ocrx_word' id='word_1_115' title='bbox 231 2169 372 2234; x_wconf 85' lang='lat' dir='ltr'>oratione</span> <span class='ocrx_word' id='word_1_116' title='bbox 396 2168 474 2232; x_wconf 90' lang='lat' dir='ltr'>VIII</span> <span class='ocrx_word' id='word_1_117' title='bbox 496 2168 663 2232; x_wconf 86' lang='lat' dir='ltr'>videantur</span> <span class='ocrx_word' id='word_1_118' title='bbox 686 2168 830 2250; x_wconf 75' lang='lat' dir='ltr'>Lysinoe,</span> <span class='ocrx_word' id='word_1_119' title='bbox 855 2168 966 2232; x_wconf 86' lang='lat' dir='ltr'>deinde</span> <span class='ocrx_word' id='word_1_120' title='bbox 990 2187 1071 2250; x_wconf 88' lang='lat' dir='ltr'>quae</span> <span class='ocrx_word' id='word_1_121' title='bbox 1094 2187 1155 2232; x_wconf 94' lang='lat' dir='ltr'>non</span> <span class='ocrx_word' id='word_1_122' title='bbox 1177 2168 1327 2250; x_wconf 81' lang='lat' dir='ltr'>Lysinoe,</span> 
     </span>
     <span class='ocr_line' id='line_1_17' title="bbox 230 2280 1104 2364; baseline 0.001 -19"><span class='ocrx_word' id='word_1_123' title='bbox 230 2286 265 2347; x_wconf 90' lang='lat' dir='ltr'>ut</span> <span class='ocrx_word' id='word_1_124' title='bbox 289 2281 423 2364; x_wconf 89' lang='lat' dir='ltr'>denique</span> <span class='ocrx_word' id='word_1_125' title='bbox 447 2285 580 2363; x_wconf 89' lang='lat' dir='ltr'>utraque</span> <span class='ocrx_word' id='word_1_126' title='bbox 603 2280 812 2363; x_wconf 87' lang='lat' dir='ltr'>ponderemus</span> <span class='ocrx_word' id='word_1_127' title='bbox 837 2284 868 2345; x_wconf 88' lang='lat' dir='ltr'>et</span> <span class='ocrx_word' id='word_1_128' title='bbox 892 2281 1104 2346; x_wconf 88' lang='lat' dir='ltr'>dinretiamur.</span> 
     </span>
    </p>
   </div>
   <div class='ocr_carea' id='block_1_5' title="bbox 592 2510 953 2518">
    <p class='ocr_par' dir='ltr' id='par_1_6' title="bbox 592 2510 953 2518">
     <span class='ocr_line' id='line_1_18' title="bbox 592 2510 953 2518; baseline 0 -1"><span class='ocrx_word' id='word_1_129' title='bbox 592 2510 953 2518; x_wconf 56' lang='lat' dir='ltr'>m</span> 
     </span>
    </p>
   </div>
   <div class='ocr_carea' id='block_1_6' title="bbox 231 2716 1325 3478">
    <p class='ocr_par' dir='ltr' id='par_1_7' title="bbox 231 2716 1325 3478">
     <span class='ocr_line' id='line_1_19' title="bbox 318 2716 1325 2801; baseline 0.002 -22"><span class='ocrx_word' id='word_1_130' title='bbox 318 2716 430 2799; x_wconf 85' lang='lat' dir='ltr'>Lysias</span> <span class='ocrx_word' id='word_1_131' title='bbox 453 2733 611 2798; x_wconf 86' lang='lat' dir='ltr'>nusquam</span> <span class='ocrx_word' id='word_1_132' title='bbox 629 2717 668 2781; x_wconf 92' lang='lat' dir='ltr'>ad</span> <span class='ocrx_word' id='word_1_133' title='bbox 681 2717 852 2801; x_wconf 82' lang='lat' dir='ltr'>figuratam</span> <span class='ocrx_word' id='word_1_134' title='bbox 868 2718 1042 2782; x_wconf 88' lang='lat' dir='ltr'>orationem</span> <span class='ocrx_word' id='word_1_135' title='bbox 1066 2717 1117 2781; x_wconf 83' lang='lat' dir='ltr'>vel</span> <span class='ocrx_word' id='word_1_136' title='bbox 1129 2716 1325 2781; x_wconf 83' lang='lat' dir='ltr'>translatum</span> 
     </span>
     <span class='ocr_line' id='line_1_20' title="bbox 233 2827 1324 2912; baseline 0 -20"><span class='ocrx_word' id='word_1_137' title='bbox 233 2831 399 2894; x_wconf 88' lang='lat' dir='ltr'>verborum</span> <span class='ocrx_word' id='word_1_138' title='bbox 422 2847 515 2895; x_wconf 90' lang='lat' dir='ltr'>usum</span> <span class='ocrx_word' id='word_1_139' title='bbox 546 2829 598 2893; x_wconf 86' lang='lat' dir='ltr'>vel</span> <span class='ocrx_word' id='word_1_140' title='bbox 628 2829 755 2894; x_wconf 90' lang='lat' dir='ltr'>omnino</span> <span class='ocrx_word' id='word_1_141' title='bbox 786 2829 943 2912; x_wconf 86' lang='lat' dir='ltr'>poeticam</span> <span class='ocrx_word' id='word_1_142' title='bbox 972 2829 1142 2894; x_wconf 88' lang='lat' dir='ltr'>dictionem</span> <span class='ocrx_word' id='word_1_143' title='bbox 1172 2827 1324 2910; x_wconf 89' lang='lat' dir='ltr'>proclivis</span> 
     </span>
     <span class='ocr_line' id='line_1_21' title="bbox 231 2940 1323 3026; baseline -0.002 -20"><span class='ocrx_word' id='word_1_144' title='bbox 231 2941 327 3007; x_wconf 89' lang='lat' dir='ltr'>verba</span> <span class='ocrx_word' id='word_1_145' title='bbox 349 2943 395 3007; x_wconf 92' lang='lat' dir='ltr'>rei</span> <span class='ocrx_word' id='word_1_146' title='bbox 418 2942 583 3024; x_wconf 86' lang='lat' dir='ltr'>aptissime</span> <span class='ocrx_word' id='word_1_147' title='bbox 607 2942 725 3026; x_wconf 85' lang='lat' dir='ltr'>eligere</span> <span class='ocrx_word' id='word_1_148' title='bbox 750 2944 866 3022; x_wconf 81' lang='lat' dir='ltr'>studet,</span> <span class='ocrx_word' id='word_1_149' title='bbox 890 2961 990 3025; x_wconf 89' lang='lat' dir='ltr'>neque</span> <span class='ocrx_word' id='word_1_150' title='bbox 1014 2945 1122 3007; x_wconf 86' lang='lat' dir='ltr'>tamen</span> <span class='ocrx_word' id='word_1_151' title='bbox 1138 2940 1323 3024; x_wconf 84' lang='lat' dir='ltr'>adjumenta</span> 
     </span>
     <span class='ocr_line' id='line_1_22' title="bbox 231 3052 1320 3137; baseline -0.001 -19"><span class='ocrx_word' id='word_1_152' title='bbox 231 3073 277 3133; x_wconf 83' lang='lat' dir='ltr'>ea,</span> <span class='ocrx_word' id='word_1_153' title='bbox 301 3055 415 3137; x_wconf 88' lang='lat' dir='ltr'>quihus</span> <span class='ocrx_word' id='word_1_154' title='bbox 439 3056 574 3120; x_wconf 87' lang='lat' dir='ltr'>orationi</span> <span class='ocrx_word' id='word_1_155' title='bbox 598 3055 799 3137; x_wconf 86' lang='lat' dir='ltr'>splendorem</span> <span class='ocrx_word' id='word_1_156' title='bbox 823 3058 854 3120; x_wconf 85' lang='lat' dir='ltr'>el</span> <span class='ocrx_word' id='word_1_157' title='bbox 877 3055 1070 3136; x_wconf 85' lang='lat' dir='ltr'>elegantiam</span> <span class='ocrx_word' id='word_1_158' title='bbox 1082 3055 1195 3119; x_wconf 83' lang='lat' dir='ltr'>addere</span> <span class='ocrx_word' id='word_1_159' title='bbox 1205 3052 1320 3135; x_wconf 83' lang='lat' dir='ltr'>possit,</span> 
     </span>
     <span class='ocr_line' id='line_1_23' title="bbox 232 3167 1321 3251; baseline -0.002 -19"><span class='ocrx_word' id='word_1_160' title='bbox 232 3169 359 3233; x_wconf 92' lang='lat' dir='ltr'>omnino</span> <span class='ocrx_word' id='word_1_161' title='bbox 383 3169 577 3251; x_wconf 66' lang='lat' dir='ltr'>repudiati).</span> <span class='ocrx_word' id='word_1_162' title='bbox 623 3169 671 3232; x_wconf 82' lang='lat' dir='ltr'>Ac</span> <span class='ocrx_word' id='word_1_163' title='bbox 701 3169 838 3250; x_wconf 90' lang='lat' dir='ltr'>primum</span> <span class='ocrx_word' id='word_1_164' title='bbox 866 3168 993 3250; x_wconf 92' lang='lat' dir='ltr'>quidem</span> <span class='ocrx_word' id='word_1_165' title='bbox 1017 3168 1129 3251; x_wconf 84' lang='lat' dir='ltr'>Lysiae</span> <span class='ocrx_word' id='word_1_166' title='bbox 1159 3167 1321 3249; x_wconf 89' lang='lat' dir='ltr'>proprium</span> 
     </span>
     <span class='ocr_line' id='line_1_24' title="bbox 231 3279 1320 3365; baseline -0.002 -20"><span class='ocrx_word' id='word_1_167' title='bbox 231 3301 299 3347; x_wconf 89' lang='lat' dir='ltr'>esse</span> <span class='ocrx_word' id='word_1_168' title='bbox 323 3283 453 3363; x_wconf 85' lang='lat' dir='ltr'>apparet</span> <span class='ocrx_word' id='word_1_169' title='bbox 477 3281 634 3346; x_wconf 82' lang='lat' dir='ltr'>oratIones</span> <span class='ocrx_word' id='word_1_170' title='bbox 658 3279 961 3365; x_wconf 84' lang='lat' dir='ltr'>interrogationibus</span> <span class='ocrx_word' id='word_1_171' title='bbox 979 3280 1143 3346; x_wconf 90' lang='lat' dir='ltr'>rhetoricis</span> <span class='ocrx_word' id='word_1_172' title='bbox 1161 3298 1320 3356; x_wconf 82' lang='lat' dir='ltr'>exornare.</span> 
     </span>
     <span class='ocr_line' id='line_1_25' title="bbox 231 3385 1321 3478; baseline -0.003 -20"><span class='ocrx_word' id='word_1_173' title='bbox 231 3395 286 3459; x_wconf 85' lang='lat' dir='ltr'>cfr.</span> <span class='ocrx_word' id='word_1_174' title='bbox 309 3394 352 3459; x_wconf 93' lang='lat' dir='ltr'>II.</span> <span class='ocrx_word' id='word_1_175' title='bbox 376 3393 459 3474; x_wconf 70' lang='lat' dir='ltr'>§dih</span> <span class='ocrx_word' id='word_1_176' title='bbox 482 3392 571 3458; x_wconf 93' lang='lat' dir='ltr'>XIII.</span> <span class='ocrx_word' id='word_1_177' title='bbox 596 3392 634 3476; x_wconf 59' lang='grc' dir='ltr'>ἐξ</span> <span class='ocrx_word' id='word_1_178' title='bbox 648 3393 701 3478; x_wconf 81' lang='grc'>20,</span> <span class='ocrx_word' id='word_1_179' title='bbox 724 3394 775 3472; x_wconf 79' lang='grc'>22,</span> <span class='ocrx_word' id='word_1_180' title='bbox 799 3393 852 3473; x_wconf 85' lang='grc'>34,</span> <span class='ocrx_word' id='word_1_181' title='bbox 870 3385 1065 3478; x_wconf 61' lang='grc'>4001107,</span> <span class='ocrx_word' id='word_1_182' title='bbox 1088 3393 1133 3458; x_wconf 88' lang='lat' dir='ltr'>sio</span> <span class='ocrx_word' id='word_1_183' title='bbox 1157 3393 1189 3456; x_wconf 93' lang='lat' dir='ltr'>in</span> <span class='ocrx_word' id='word_1_184' title='bbox 1213 3396 1321 3458; x_wconf 87' lang='lat' dir='ltr'>nostra</span> 
     </span>
    </p>
   </div>
   <div class='ocr_carea' id='block_1_7' title="bbox 75 3493 1320 3588">
    <p class='ocr_par' dir='ltr' id='par_1_8' title="bbox 75 3493 1320 3588">
     <span class='ocr_line' id='line_1_26' title="bbox 75 3493 1320 3588; baseline -0.002 -16"><span class='ocrx_word' id='word_1_185' title='bbox 75 3493 78 3500; x_wconf 73' lang='grc'>“</span> <span class='ocrx_word' id='word_1_186' title='bbox 182 3515 184 3520; x_wconf 96' lang='grc'><strong><em>·</em></strong></span> <span class='ocrx_word' id='word_1_187' title='bbox 230 3505 540 3588; x_wconf 65' lang='lat' dir='ltr'>orationessunt,</span> <span class='ocrx_word' id='word_1_188' title='bbox 574 3506 657 3585; x_wconf 73' lang='lat' dir='ltr'>aa,</span> <span class='ocrx_word' id='word_1_189' title='bbox 682 3506 732 3585; x_wconf 80' lang='lat'>12,</span> <span class='ocrx_word' id='word_1_190' title='bbox 765 3507 814 3585; x_wconf 79' lang='lat'>13,</span> <span class='ocrx_word' id='word_1_191' title='bbox 840 3507 890 3584; x_wconf 83' lang='lat'>14,</span> <span class='ocrx_word' id='word_1_192' title='bbox 916 3509 966 3585; x_wconf 86' lang='lat' dir='ltr'>rc,</span> <span class='ocrx_word' id='word_1_193' title='bbox 999 3507 1049 3585; x_wconf 81' lang='lat' dir='ltr'>rr,</span> <span class='ocrx_word' id='word_1_194' title='bbox 1084 3506 1132 3584; x_wconf 86' lang='lat'>18,</span> <span class='ocrx_word' id='word_1_195' title='bbox 1165 3506 1214 3571; x_wconf 87' lang='lat' dir='ltr'>ro.</span> <span class='ocrx_word' id='word_1_196' title='bbox 1260 3504 1320 3570; x_wconf 76' lang='lat' dir='ltr'>seu</span> 
     </span>
    </p>
   </div>
   <div class='ocr_carea' id='block_1_8' title="bbox 230 3614 1320 3711">
    <p class='ocr_par' dir='ltr' id='par_1_9' title="bbox 230 3614 1320 3711">
     <span class='ocr_line' id='line_1_27' title="bbox 230 3614 1320 3711; baseline -0.006 -27"><span class='ocrx_word' id='word_1_197' title='bbox 230 3639 300 3685; x_wconf 90' lang='lat' dir='ltr'>raro</span> <span class='ocrx_word' id='word_1_198' title='bbox 330 3623 431 3686; x_wconf 90' lang='lat' dir='ltr'>semet</span> <span class='ocrx_word' id='word_1_199' title='bbox 461 3619 564 3701; x_wconf 89' lang='lat' dir='ltr'>ipsum</span> <span class='ocrx_word' id='word_1_200' title='bbox 593 3620 768 3702; x_wconf 85' lang='lat' dir='ltr'>interrogat</span> <span class='ocrx_word' id='word_1_201' title='bbox 795 3623 830 3683; x_wconf 91' lang='lat' dir='ltr'>ut</span> <span class='ocrx_word' id='word_1_202' title='bbox 861 3620 947 3684; x_wconf 92' lang='lat' dir='ltr'>VIII.</span> <span class='ocrx_word' id='word_1_203' title='bbox 982 3618 1066 3700; x_wconf 75' lang='lat'>§17</span> <span class='ocrx_word' id='word_1_204' title='bbox 1100 3615 1181 3680; x_wconf 73' lang='lat' dir='ltr'>nond</span> <span class='ocrx_word' id='word_1_205' title='bbox 1215 3616 1246 3680; x_wconf 73' lang='lat' dir='ltr'>ul</span> <span class='ocrx_word' id='word_1_206' title='bbox 1280 3614 1320 3711; x_wconf 60' lang='lat' dir='ltr'>dp)</span> 
     </span>
    </p>
   </div>
   <div class='ocr_carea' id='block_1_9' title="bbox 231 3843 1321 4180">
    <p class='ocr_par' dir='ltr' id='par_1_10' title="bbox 320 3843 1003 3917">
     <span class='ocr_line' id='line_1_28' title="bbox 320 3843 1003 3917; baseline -0.003 -15"><span class='ocrx_word' id='word_1_207' title='bbox 320 3848 342 3917; x_wconf 79' lang='grc'>1)</span> <span class='ocrx_word' id='word_1_208' title='bbox 360 3849 543 3902; x_wconf 85' lang='lat' dir='ltr'>Buermannus</span> <span class='ocrx_word' id='word_1_209' title='bbox 562 3845 590 3899; x_wconf 90' lang='lat' dir='ltr'>in</span> <span class='ocrx_word' id='word_1_210' title='bbox 609 3843 700 3898; x_wconf 88' lang='lat' dir='ltr'>diariis</span> <span class='ocrx_word' id='word_1_211' title='bbox 720 3844 829 3899; x_wconf 88' lang='lat' dir='ltr'>Hermes</span> <span class='ocrx_word' id='word_1_212' title='bbox 848 3845 880 3898; x_wconf 86' lang='lat' dir='ltr'>X.</span> <span class='ocrx_word' id='word_1_213' title='bbox 899 3864 925 3914; x_wconf 93' lang='lat' dir='ltr'>p.</span> <span class='ocrx_word' id='word_1_214' title='bbox 943 3847 1003 3900; x_wconf 78' lang='lat'>347.</span> 
     </span>
    </p>

    <p class='ocr_par' dir='ltr' id='par_1_11' title="bbox 319 3930 1313 4002">
     <span class='ocr_line' id='line_1_29' title="bbox 319 3930 1313 4002; baseline -0.007 -12"><span class='ocrx_word' id='word_1_215' title='bbox 319 3933 338 4000; x_wconf 69' lang='lat'>²}</span> <span class='ocrx_word' id='word_1_216' title='bbox 358 3933 495 4002; x_wconf 82' lang='lat' dir='ltr'>Gleiniger</span> <span class='ocrx_word' id='word_1_217' title='bbox 514 3931 545 3986; x_wconf 90' lang='lat' dir='ltr'>de</span> <span class='ocrx_word' id='word_1_218' title='bbox 563 3931 755 4002; x_wconf 86' lang='lat' dir='ltr'>Xenophontis.</span> <span class='ocrx_word' id='word_1_219' title='bbox 768 3931 866 3996; x_wconf 87' lang='lat' dir='ltr'>libello,</span> <span class='ocrx_word' id='word_1_220' title='bbox 885 3933 931 4000; x_wconf 87' lang='lat' dir='ltr'>qni</span> <span class='ocrx_word' id='word_1_221' title='bbox 949 3930 1035 3998; x_wconf 81' lang='grc' dir='ltr'><strong><em>πόροι</em></strong></span> <span class='ocrx_word' id='word_1_222' title='bbox 1054 3931 1218 3986; x_wconf 83' lang='lat' dir='ltr'>iuscrIbItnr.</span> <span class='ocrx_word' id='word_1_223' title='bbox 1277 3973 1280 3978; x_wconf 65' lang='grc'>,</span> <span class='ocrx_word' id='word_1_224' title='bbox 1310 3967 1313 3976; x_wconf 83' lang='lat'>·</span> 
     </span>
    </p>

    <p class='ocr_par' dir='ltr' id='par_1_12' title="bbox 231 4017 1321 4180">
     <span class='ocr_line' id='line_1_30' title="bbox 317 4017 1321 4089; baseline -0.004 -15"><span class='ocrx_word' id='word_1_225' title='bbox 317 4021 338 4089; x_wconf 79' lang='lat'>³)</span> <span class='ocrx_word' id='word_1_226' title='bbox 355 4022 465 4088; x_wconf 80' lang='lat' dir='ltr'>Dionys.</span> <span class='ocrx_word' id='word_1_227' title='bbox 485 4019 546 4073; x_wconf 83' lang='lat' dir='ltr'>Hal.</span> <span class='ocrx_word' id='word_1_228' title='bbox 566 4018 590 4074; x_wconf 84' lang='lat' dir='ltr'>d.</span> <span class='ocrx_word' id='word_1_229' title='bbox 602 4019 663 4088; x_wconf 75' lang='lat' dir='ltr'>Lyn.</span> <span class='ocrx_word' id='word_1_230' title='bbox 683 4035 706 4072; x_wconf 85' lang='grc'>0.</span> <span class='ocrx_word' id='word_1_231' title='bbox 726 4021 742 4073; x_wconf 80' lang='lat' dir='ltr'>l</span> <span class='ocrx_word' id='word_1_232' title='bbox 762 4017 901 4087; x_wconf 73' lang='grc' dir='ltr'>σαφήνεια</span> <span class='ocrx_word' id='word_1_233' title='bbox 922 4017 950 4072; x_wconf 75' lang='grc' dir='ltr'>ἐν</span> <span class='ocrx_word' id='word_1_234' title='bbox 968 4020 1025 4075; x_wconf 76' lang='grc' dir='ltr'><strong><em>τοῖς</em></strong></span> <span class='ocrx_word' id='word_1_235' title='bbox 1044 4017 1189 4088; x_wconf 74' lang='grc' dir='ltr'>ὀνόμασιν,</span> <span class='ocrx_word' id='word_1_236' title='bbox 1217 4017 1245 4070; x_wconf 70' lang='grc' dir='ltr'>ἓν</span> <span class='ocrx_word' id='word_1_237' title='bbox 1264 4021 1321 4076; x_wconf 68' lang='grc' dir='ltr'>τοῖς</span> 
     </span>
     <span class='ocr_line' id='line_1_31' title="bbox 231 4105 799 4180; baseline 0.002 -18"><span class='ocrx_word' id='word_1_238' title='bbox 231 4107 415 4180; x_wconf 75' lang='grc' dir='ltr'>πράγμασιν.”</span> <span class='ocrx_word' id='word_1_239' title='bbox 433 4106 544 4163; x_wconf 74' lang='lat' dir='ltr'>crient</span> <span class='ocrx_word' id='word_1_240' title='bbox 564 4106 643 4165; x_wconf 83' lang='lat' dir='ltr'>Rhct.</span> <span class='ocrx_word' id='word_1_241' title='bbox 662 4105 714 4162; x_wconf 89' lang='lat' dir='ltr'>III.</span> <span class='ocrx_word' id='word_1_242' title='bbox 734 4124 756 4164; x_wconf 73' lang='grc' dir='ltr'>ο.</span> <span class='ocrx_word' id='word_1_243' title='bbox 775 4110 799 4163; x_wconf 81' lang='grc'>2.</span> 
     </span>
    </p>
   </div>
   <div class='ocr_carea' id='block_1_10' title="bbox 0 0 1466 4728">
    <p class='ocr_par' dir='ltr' id='par_1_13' title="bbox 0 0 1466 4728">
     <span class='ocr_line' id='line_1_32' title="bbox 0 0 1466 4728; baseline 0 0"><span class='ocrx_word' id='word_1_244' title='bbox 0 0 1466 4728; x_wconf 95' lang='lat' dir='ltr'> </span> 
     </span>
    </p>
   </div>
  </div>
 </body>
</html>
