2940 4736
1150 309 1189 378 31

17 473 18 514 ³
103 487 136 552 in
153 483 350 576 Ἡγέμαχος,
375 507 412 553 οο
436 488 539 572 magis
561 487 668 571 placet
691 474 774 572 quod
805 490 838 552 et
860 485 1039 570 subjeetum
1068 485 1193 551 deside-

102 603 200 679 retur,
223 620 324 685 neque
348 601 534 684 compositio
551 599 698 680 nominia
722 601 805 683 quod
824 604 915 665 sonat
933 600 1065 684 bellum,
1089 600 1195 664 atiena
1228 653 1231 658 Α

17 761 18 768 1
103 715 152 778 est
175 713 213 778 ab
237 733 296 780 usu
319 714 481 780 orationis,
528 714 585 780 oft.
609 712 791 796 Πολυκλῆς,
821 703 1053 799 Θρασύμαχος,
1082 709 1195 776 Αὐτο-

102 823 235 909 κράτης,
262 824 532 912 Εὐρυπτόλεμος.
576 827 810 894 Seheibiussio
833 829 1089 907 argumentatur:
1114 843 1194 908 pone

104 943 211 1004 ἵππον
241 943 273 1004 et
305 959 419 1006 nomen
454 941 534 1024 ejus,
568 941 605 1005 de
637 961 698 1024 quo
729 939 812 1005 infra
842 939 984 1022 loquitur
1012 942 1128 1018 orator,
1164 944 1195 1004 et

103 1051 246 1132 verbum,
277 1071 296 1118 a
327 1072 388 1136 quo
420 1053 619 1119 aecusativus
650 1049 818 1136 πράξαντά
848 1076 893 1134 με
921 1053 1039 1134 pendet
1069 1053 1196 1131 excidit,

103 1169 174 1229 turn
196 1161 449 1250 μαραινόμενον
471 1167 504 1230 in
526 1166 632 1231 loourn
654 1159 847 1252 μαχόμενον
861 1165 1035 1232 substituit.
1070 1164 1132 1231 Sed
1156 1166 1195 1230 ad

103 1278 272 1342 veritatem
296 1278 429 1346 forsitan
446 1281 574 1362 propius
591 1280 789 1359 accedamus
813 1280 839 1343 si
863 1282 989 1344 servata
1012 1277 1194 1361 conjectura

103 1391 244 1473 Emperii
279 1410 351 1457 oum
386 1393 587 1458 Buermanuo
621 1387 789 1476 πράξαντά
822 1415 866 1475 γιε
900 1391 1129 1457 mutaverimus
1163 1392 1195 1456 in

103 1499 263 1587 πράξαντί
283 1528 355 1588 μοι,
381 1507 494 1571 deinde
519 1507 636 1573 inserto
660 1510 734 1571 anto
749 1501 954 1590 βουλόμενον
978 1523 1045 1571 voc.
1063 1501 1127 1581 καί,
1152 1527 1196 1588 για

103 1621 176 1698 post
198 1615 406 1701 βουλόμενον
429 1623 538 1685 eontra
561 1620 797 1684 Bnermennum
817 1618 1077 1710 *defenderimusz
1107 1623 1196 1701 πρῶ-

104 1753 165 1794 τον
186 1733 249 1813 μὲν
273 1730 406 1798 ἅπαντα
425 1729 472 1796 δι’
498 1728 592 1815 ὑμῶν
614 1727 775 1816 πράξαντί
802 1753 862 1816 μοι
891 1728 1047 1814 περὶτῆς
1074 1729 1197 1802 θέσεως

104 1848 165 1906 τοῦ
189 1846 294 1908 ἵππου
316 1850 484 1932 προσῆγεν
504 1842 689 1931 Ἡγέμαχος
719 1841 890 1928 κάμνοντα
913 1839 973 1907 τὸν
997 1848 1112 1918 ἵππον,
1143 1843 1196 1906 καὶ

106 1952 240 2043 ἀνάγειν
252 1981 304 2041 ¹gae
323 1943 531 2043 βουλογιονον
554 1953 722 2042 Διόδωρος
746 1953 857 2024 οὑτοσὶ
884 1958 945 2040 (sio
973 1975 1045 2022 eum
1069 1955 1197 2039 (tabem,

106 2088 181 2134 nam
211 2089 314 2137 sermo
345 2076 394 2137 est
418 2073 455 2136 de
479 2090 526 2151 eo,
556 2090 650 2154 quem
682 2075 788 2136 orator
818 2072 919 2136 oeulis
942 2072 993 2136 vel
1017 2068 1117 2154 digito
1142 2068 1197 2133 de·

106 2182 228 2266 signat)
250 2179 446 2269 ἀποτρέπειν
469 2187 631 2268 ἐπειρᾶτο.

106 2295 294 2384 καίτοιγε
324 2300 370 2381 ἐφ
401 2289 451 2362 ὧν
479 2321 523 2385 γι
552 2293 685 2361 αὐτῶν
714 2291 990 2384 κατηγόρουν.
1018 2291 1198 2384 οἰγοὶρόἲ

107 2411 209 2491 γιετοὶ
238 2406 395 2476 τούτων
419 2407 682 2496 ἀδικουμένῳ
705 2425 775 2494 Ιιιοί
802 2405 937 2493 μηδὲν
958 2401 1009 2493 ἦν
1037 2406 1198 2473 δίκαιον

272 2524 419 2599 εἰπεῖν,
445 2517 466 2605 ἦ
489 2546 570 2588 που
592 2522 718 2596 καλῶς
743 2521 1037 2606 συνέπραττον.

195 2632 280 2701 Vide·
297 2653 392 2719 quarn
415 2637 538 2702 inutilis
562 2640 594 2701 et
612 2637 738 2720 ingrata
755 2635 798 2701 sit
815 2635 906 2718 eopia
922 2635 1100 2714 verborum,
1118 2652 1198 2717 quae

107 2749 255 2814 nonnisi
284 2769 321 2814 er
351 2754 440 2832 parte
468 2752 573 2831 potest
603 2750 773 2815 emendari.
824 2750 1044 2814 Buermannus
1075 2766 1198 2831 quoque

107 2862 213 2926 looum
237 2863 381 2941 tentavit,
405 2863 460 2927 sed
484 2881 592 2928 vereor
621 2881 660 2928 ne
692 2847 818 2946 egregie
841 2863 1003 2942 erraverit,
1033 2863 1092 2928 dat
1114 2861 1198 2927 enim

107 2973 285 3040 haeoz'aut
314 2971 389 3040 τότε
419 2972 516 3062 ἔγωγε
548 2972 655 3040 αὐτῶν
677 2955 892 3062 κατηγόρουν.
926 2975 953 3039 οἱ
976 2971 1001 3061 γ’
1028 2971 1091 3058 ἄρα
1113 2969 1197 3058 μετὰ

106 3082 233 3152 τούτων
263 3085 460 3175 δικαζογιὲνιγ
489 3111 551 3173 γιοι
579 3085 684 3174 μηδὲν
713 3083 762 3172 ἢν·
785 3085 911 3152 δίκαιον
941 3089 1054 3164 εἰπεῖν,
1086 3084 1108 3169 ἥ
1131 3109 1200 3152 πον

108 3199 467 3286 καλῶςουιέπραττον.
523 3201 703 3266 Literarnm
735 3203 849 3267 duatus
878 3204 910 3266 et
938 3202 1004 3267 eod.
1035 3204 1068 3265 et
1091 3207 1199 3266 emen*

109 3315 202 3380 datae
232 3315 378 3380 lectionis
408 3315 578 3380 admodum
608 3316 691 3382 inter
714 3334 783 3382 sese
806 3317 881 3382 sunt
904 3313 1035 3393 similes,
1061 3315 1098 3378 at
1126 3331 1198 3378 sen-

110 3427 221 3505 tentia,
251 3445 332 3510 quae
360 3427 420 3493 hae
440 3427 632 3511 ,conjecture
670 3429 817 3507 effioitur,
852 3427 892 3492 ab
923 3426 1199 3510 argumentatione

108 3539 204 3622 hujus
227 3540 290 3605 looi
313 3540 509 3607 alienissima
532 3545 590 3620 est,
614 3562 714 3625 neque
738 3543 815 3607 haee
839 3540 1022 3623 aonjeatura
1039 3556 1077 3603 ea
1095 3541 1201 3620 potest

110 3653 280 3732 continere,
304 3673 384 3735 quae
405 3655 627 3726 Buermannus
656 3655 717 3720 sibi
737 3647 918 3738 persuasit:
949 3651 1065 3718 darauf
1089 3651 1200 3734 klagte

109 3764 161 3829 iah
189 3766 233 3830 sie
262 3784 313 3845 an,
342 3785 433 3833 nean
461 3767 511 3832 ioh
540 3787 615 3846 nun,
645 3768 704 3832 mit
732 3767 828 3832 ihnen
856 3767 1007 3832 rechtend
1036 3766 1111 3831 odor
1134 3766 1200 3831 dis·

109 3879 267 3960 potinem,
289 3879 382 3945 keine
395 3879 522 3948 Grinde
542 3881 593 3945 tur
611 3880 715 3945 moine
727 3880 953 3964 Fordernngen
971 3877 1201 3963 vornubringen

110 3993 229 4072 gehabt
249 3992 350 4072 hatte,
382 4011 416 4058 eo
444 3995 534 4059 hatte
561 3992 613 4058 iah
635 3991 718 4058 wohl
742 3991 839 4058 daran
863 3993 992 4077 gethan,
1022 3992 1083 4057 mit
1104 3992 1200 4057 ihnen

110 4123 294 4170 zusammen
308 4125 346 4172 ru
359 4107 512 4189 operiren.
542 4105 587 4170 Ut
601 4106 684 4170 aliea
707 4105 806 4171 etiem
819 4107 899 4170 heae
922 4105 1105 4188 oonjeatura
1127 4123 1200 4187 pro·
