3000 4732
1251 321 1272 385 9

269 492 379 576 ltaque
419 504 481 558 uon
517 497 585 559 erat
619 496 701 578 quod
731 494 894 579 Gleinigex·
923 494 1055 560 uerbum
1085 496 1273 580 'trisyauierv

184 610 367 688 corruptum
391 621 462 672 esse
480 607 703 689 suspicaretur.

269 714 342 783 Jam
376 721 694 801 argumentationem,
734 739 829 803 qnam
862 719 1092 802 Bensalerus1)
1127 719 1199 785 iniit
1233 721 1273 784 ad

145 909 148 913 ,
184 831 277 895 fidem
308 833 624 899 orationis-nostrae·
644 834 911 912 labefactandam,
942 833 1152 898 refellendam
1179 836 1272 916 puta·

184 962 273 1033 mus.¹
315 945 488 1028 Postquam
516 947 705 1014 Beuselerus
737 946 876 1012 ostendit
899 947 1028 1030 Lysiam
1057 947 1180 1012 hiatum
1203 966 1272 1034 orn-

183 1057 258 1121 uino
293 1041 356 1122 nou
396 1079 522 1125 curasse
536 1064 572 1143 2),
611 1064 711 1125 totam
746 1061 920 1125 orationem
951 1060 1024 1123 Vlll
1062 1080 1124 1126 uon
1159 1061 1273 1144 Lysiae

183 1170 238 1234 sed
261 1171 379 1236 rhetori
402 1172 527 1258 cuidam
558 1174 648 1256 eique
679 1192 742 1237 uon
766 1173 884 1255 optimo
912 1176 1065 1239 seriorum
1093 1170 1272 1257 temporum
1322 1261 1333 1270 Η

162 1292 170 1388 J
182 1282 383 1349 tribuendam
408 1287 579 1380 existimat,
609 1287 692 1369 quod
715 1307 771 1369 per
794 1287 909 1371 uiginti
938 1288 1153 1370 paragraphes
1168 1290 1272 1354 ¹verba

183 1397 227 1484 ita
251 1397 315 1462 siut
337 1399 516 1485 conjerncta,
547 1403 583 1465 ut
607 1399 713 1464 nullus
745 1401 817 1466 iude
847 1401 1011 1465 exsisteret
1041 1401 1162 1466 hiatus.
1178 1401 1271 1484 idque

77 1535 80 1542 ¹
182 1511 265 1592 apud
288 1512 483 1594 scriptorem,
507 1513 561 1596 qui
585 1516 738 1596 quantum
769 1533 806 1578 ex
834 1514 947 1579 ceteris
978 1513 1047 1597 ejus
1076 1513 1272 1580 orationibus

180 1623 316 1706 judicari
339 1627 449 1708 possit,
480 1626 608 1692 omniuo
640 1627 816 1695 orationem
846 1647 909 1693 non
937 1628 983 1692 ita
1011 1626 1205 1706 formaverit,
1236 1631 1272 1693 ut

183 1736 279 1800 simul
309 1739 467 1804 vocalium
497 1715 684 1818 concursum
720 1743 861 1807 evitaret.
919 1740 998 1806 Cum
1026 1743 1105 1805 haec
1132 1740 1272 1822 proferat

181 1851 371 1916 Bouselerus
393 1854 549 1935 respicere
573 1854 698 1921 videtur
720 1855 759 1918 ad
782 1853 821 1937 ἐξ
845 1858 859 1918 l
885 1858 917 1920 et
942 1853 1272 1938 langermanni

181 1964 276 2029 haee:

337 2077 410 2161 ueni
435 2069 479 2142 ών
501 2081 602 2144 εἰπεῖν
624 2076 813 2163 ’ἐβουλόμην
836 2077 948 2144 rudior.

337 2191 389 2253 aori
412 2190 569 2256 ταῦτατί
589 2216 633 2274 με
657 2190 704 2258 dei
726 2189 950 2277 φανερώτερον
974 2193 1139 2281 ἐξελέγχειν
1162 2195 1228 2268 ε”ττε

182 2320 237 2383 pro
261 2304 379 2369 usitato
403 2305 571 2371 verborum
594 2306 716 2371 ordine:

337 2417 411 2501 περὶ
435 2409 602 2484 uiuaciter
625 2413 811 2503 ἐβουλόμην
833 2421 946 2483 εἰπεῖν.

236 2579 239 2584 1
337 2529 515 2596 καὶταῦτα
538 2531 569 2595 τί
590 2556 634 2615 με
658 2529 706 2595 dei
728 2533 774 2595 ἔτι
796 2526 1021 2616 φανερώτερον
1044 2531 1228 2619 ἐξελέγχεινς

269 2642 351 2708 Sane
374 2645 475 2726 primo
496 2644 564 2729 jam
596 2645 709 2710 obtutu
738 2645 879 2710 ordinem
903 2644 1069 2710 verborum
1101 2664 1169 2710 esse
1200 2665 1271 2711 mu-

183 2758 286 2822 tatum
316 2762 464 2839 apparet3
495 2760 548 2824 scd
579 2759 721 2840 suspicor
749 2758 827 2822 haec
859 2758 967 2823 deberi
988 2759 1270 2838 rhetori-cuidam,

182 2867 235 2948 qui
258 2869 289 2932 id
314 2872 415 2953 egerit
436 2875 473 2936 ut
496 2873 651 2950 industria
675 2876 706 2937 et
725 2876 793 2936 arte
814 2871 1077 2936 declamationem
1096 2876 1269 2936 exornaret.

182 2980 315 3048 Accedit
342 2985 426 3066 quod
449 2985 516 3050 cod.
542 2984 576 3063 C,
606 3003 741 3067 quocum
769 2983 850 3048 tacit
878 2980 1040 3049 Belrlrerns
1070 2984 1103 3048 in
1133 2985 1270 3051 editione

182 3095 305 3176 Lysiae,
323 3095 432 3162 'habet
454 3096 507 3160 acl
529 3101 631 3161 ταῦτα
659 3096 690 3160 τί
711 3121 755 3180 με
779 3095 827 3182 dei
847 3093 1069 3179 φανερώτερον
1093 3094 1271 3184 ἐξελέγχεινς

183 3205 242 3272 Sed
266 3208 360 3273 nimis
384 3210 534 3275 audacter
551 3230 580 3276 v.
594 3210 627 3275 d.·
646 3209 817 3292 protulisse
840 3209 900 3274 hoc
924 3209 1058 3288 videtur,
1081 3228 1136 3291 per
1155 3210 1270 3293 uiginti

180 3324 393 3405 paragraphos
417 3321 512 3387 uerba
535 3323 581 3387 ita
605 3341 673 3388 csse
696 3320 876 3406 conjuncta,
899 3326 935 3387 ut
957 3322 1096 3387 nullus
1120 3323 1192 3387 inde
1216 3343 1269 3388 cx·
1335 3299 1341 3311 ’

182 3433 308 3499 sisteret
340 3436 457 3515 hiatus,
491 3436 525 3500 si·
552 3436 779 3501 examinaveris
813 3436 907 3501 haec:
943 3433 1017 3518 περὶ
1048 3425 1092 3498 ἀν
1122 3436 1142 3514 ,ξ
1168 3436 1194 3500 1.
1229 3472 1268 3480 -

182 3543 302 3610 εἰπάτω
327 3541 386 3611 οὖν
408 3549 428 3631 ξ
452 3548 482 3618 3.
508 3585 547 3594 -
571 3547 644 3632 περὶ
668 3553 814 3631 ἐμαυτοῦ
837 3548 855 3632 ξ
879 3551 909 3616 4.
934 3586 975 3596 -
1000 3547 1049 3612 ὅτι
1071 3547 1202 3634 ἐλέγετε.
1230 3585 1269 3594 ·-

182 3657 203 3720 ἀ
226 3657 260 3722 ἀὲ
282 3656 422 3743 ὗβρλζειν
445 3661 463 3742 ᾖ
486 3661 517 3727 5.
536 3698 578 3708 —
602 3657 749 3744 οἰόμενοι
772 3660 840 3744 ἐμὲ.
867 3697 910 3710 —-
933 3663 962 3725 εἰ
983 3659 1018 3724 ἀὲ
1042 3655 1173 3746 αἰσχρὸν
1195 3660 1217 3746 ξ
1239 3662 1270 3726 6.

186 3807 221 3817 -·
247 3769 323 3836 οὐδὲ
346 3769 496 3837 ἀπειπεῖν
520 3773 538 3856 ἓ
563 3774 592 3839 7.
618 3811 656 3820 -
681 3769 720 3836 τά
746 3770 776 3836 d'
802 3771 944 3857 ὑμέτερα
969 3771 1119 3857 ἀσφαλῶς
1142 3775 1267 3859 ἔχοντα.

183 3922 219 3932 -
247 3881 319 3949 otd'
343 3879 383 3949 αὖ
410 3883 505 3969 ἀμᾶς.
531 3923 574 3935 ·-
598 3883 781 3971 odedientia
805 3883 998 3973 ἀπαγγελεῖν
1020 3886 1083 3972 §a
1108 3924 1147 3933 —
1170 3882 1271 3968 ποιώ-

180 4042 387 4054 —u———n—-n—

268 4128 289 4198 ¹)
308 4130 433 4184 Benseler
450 4130 482 4184 de
500 4130 575 4185 hiatu
592 4147 619 4203 p.
640 4131 700 4185 183.
719 4157 753 4167 -
771 4125 793 4199 ²)
812 4130 830 4185 l.
851 4146 874 4188 c.
893 4150 919 4204 p.
942 4134 1000 4188 175.
