2940 4736
241 304 283 369 14

240 480 422 544 construere
446 479 578 542 conatus
601 480 660 542 cst.
704 475 786 542 Sane
816 475 1053 542 concedendum·
1081 479 1130 540 est
1157 477 1345 542 orationem

239 591 286 655 ita
309 609 378 655 esse
401 594 626 673 comparatam,
649 590 782 671 utquid
806 590 942 654 voluerit
965 593 1072 654 orator
1101 589 1345 673 intelligamus

239 707 348 768 tamon
377 703 460 785 quod
489 702 582 767 rebus
604 702 753 768 inanibus
782 706 814 766 et
841 703 987 768 absurdis
1017 706 1053 767 at
1079 703 1208 767 omnino
1236 703 1344 786 Lysia

241 815 471 898 indignissimis
500 815 642 881 abundat
672 814 782 893 oratio,
816 834 879 880 non
918 834 980 880 nno
1014 816 1085 880 loco
1119 816 1342 880 audacissima

241 929 423 1011 conjectura
452 948 531 1011 opus
560 933 609 993 est
638 929 678 992 ad
708 928 939 1010 explanandam
967 929 1168 994 sententiam.
1227 928 1341 1009 Quare

240 1061 303 1107 non
326 1042 391 1106 fuit·
410 1041 493 1124 qnod
517 1039 718 1125 Gleiniger1)
742 1041 909 1107 scriberet:
939 1060 1033 1119 „man
1057 1060 1144 1106 muss
1169 1040 1340 1122 gestabam,

240 1155 313 1219 dass
337 1155 387 1218 dia
398 1153 485 1218 Rode
506 1155 710 1219 meisterhaft
732 1156 888 1238 gehalten
905 1155 970 1218 und
992 1155 1097 1219 seiner
1120 1155 1190 1238 (des
1207 1155 1340 1219 Radan-

241 1267 316 1350 den)
340 1268 427 1350 Lago
450 1267 648 1332 vortrafflich
676 1272 847 1351 angepasst
875 1268 949 1334 ist.“
1004 1269 1101 1333 Mitto
1137 1269 1340 1351 sophismata

241 1381 321 1446 mira
352 1384 384 1445 et
417 1381 562 1461 ridicula,
592 1382 684 1446 mitto
707 1382 811 1464 ipsam
834 1401 911 1460 rem,
934 1400 1016 1464 quaa
1035 1385 1162 1446 tantum
1185 1383 1275 1447 abest
1297 1384 1339 1445 ut

241 1494 363 1558 auctori
387 1493 429 1558 sit
450 1494 538 1558 laudi
561 1497 593 1558 et
616 1494 746 1575 gloriae,
770 1498 806 1559 ut
829 1495 897 1577 ejus
915 1495 1140 1559 auctoritatam
1159 1495 1338 1560 deminuat.

242 1605 668 1672 Sufficiatcommemorasse
686 1625 781 1689 quam
793 1608 908 1672 misane
926 1607 1072 1690 neglecta
1090 1607 1133 1670 sit
1154 1602 1335 1688 ἡθοποϊία,

242 1738 322 1801 quae
345 1720 470 1798 dicitur,
493 1738 555 1802 qna
578 1724 646 1785 arta
665 1723 923 1802 praeterceteros
936 1720 1065 1803 Lysiam
1088 1720 1242 1785 excellere
1255 1720 1339 1784 satis

242 1834 367 1896 constat
384 1832 420 1915 ²),
450 1851 606 1915 nusquam
630 1833 715 1896 enim
738 1852 872 1915 persona
894 1834 1054 1915 loquentis
1078 1833 1257 1897 accuratius
1280 1852 1338 1896 cr·

241 1944 399 2026 primitur,
435 1964 591 2027 nusquam
620 1946 756 2010 formam
791 1947 894 2011 induit
908 1946 943 2029 ³).
1002 1947 1043 2010 Et
1077 1958 1157 2028 quae
1195 1946 1338 2029 legimus

242 2058 325 2140 apud
347 2077 377 2123 v.
401 2058 430 2122 d.
454 2059 726 2142 Franckenium4)
754 2059 930 2124 rectissime
961 2059 1132 2141 disputata,
1161 2077 1232 2124 eann
1263 2078 1337 2123 esse

241 2171 467 2253 proprietatem
497 2173 564 2236 stili
592 2172 706 2255 Lysiae
738 2176 773 2237 ut
803 2172 1043 2254 simplicitatem
1072 2171 1104 2235 in
1136 2171 1337 2253 argumentis

243 2283 386 2349 affectet:
403 2303 509 2363 .„cum
536 2285 583 2349 ita
610 2286 745 2369 simplex
774 2305 810 2350 ac
839 2304 938 2368 paene
962 2281 1089 2367 εὐήθης
1114 2286 1270 2364 uideatur,
1294 2289 1332 2351 nt

243 2396 445 2478 consopiatur
472 2398 609 2479 suspicio
640 2398 827 2464 calliditatis
856 2402 953 2481 atque
981 2399 1191 2478 calumniao“‚
1229 2417 1335 2464 nonna

243 2509 311 2574 sola
333 2509 447 2576 idonea
470 2514 544 2576 sunl
567 2512 607 2576 ad
628 2511 833 2576 refutandum
858 2510 1100 2592 Glainigerum?

329 2621 450 2688 Deinde
467 2622 581 2705 Lysiae
598 2625 759 2706 proprium
776 2631 825 2689 est
843 2624 974 2688 candem
999 2643 1066 2688 rern
1090 2627 1122 2688 ol
1141 2624 1334 2690 affirmative

244 2739 276 2800 et
297 2737 445 2819 negative
468 2737 618 2818 proferre,
649 2756 711 2820 qua
742 2737 867 2802 dicendi
896 2737 1042 2802 ubertate
1065 2737 1198 2802 Homeri
1228 2758 1334 2804 exem-

242 2849 332 2931 plum
355 2850 457 2914 secuti
479 2853 602 2933 practer
625 2850 706 2914 alios
729 2854 863 2916 utrrntur
885 2850 1000 2934 tragici
1023 2849 1094 2932 (cfr.
1118 2851 1225 2932 Enrip.
1249 2851 1333 2915 Med.
1466 2861 1467 2916 i

243 2959 317 3027 589.
340 2961 413 3044 Lys.
437 2961 492 3027 IV.
517 2966 536 3043 ξ
563 2962 625 3045 13),
649 2964 824 3045 compluria
845 2964 1013 3046 participia
1036 2963 1238 3046 conjungere,
1262 2964 1332 3045 qui·
1466 2985 1467 3046 y

199 3117 201 3122 ·
243 3073 303 3138 bns
326 3075 507 3140 includatur
529 3076 640 3172 oratio,
663 3094 755 3158 porro
775 3076 894 3159 figuras
911 3076 1084 3141 rhetoricas
1103 3075 1334 3158 aposiopeseos,
1466 3057 1467 3090 ¹

245 3186 469 3269 epanalepseos
510 3189 705 3271 frequentius
746 3188 906 3267 adhihere,
949 3208 1028 3272 quaa
1074 3189 1180 3254 omnia
1222 3190 1335 3254 desunt
1466 3195 1467 3240 l

244 3299 278 3364 in
290 3303 369 3365 orat.
382 3299 472 3384 Vlll;
498 3302 630 3384 denique
650 3302 890 3384 quodPertnius
909 3301 1000 3380 vidit,
1023 3301 1152 3385 Lysiam
1175 3302 1209 3366 in
1232 3303 1335 3367 nomi·
1466 3301 1467 3344 i

244 3413 338 3478 nibus
377 3414 542 3479 hominum
580 3415 770 3498 usurpandis
809 3415 936 3480 omnino
974 3414 1144 3479 articulum
1186 3415 1335 3480 omittere

245 3525 346 3592 solare
365 3527 402 3608 ⁵),
442 3526 523 3593 nihil
556 3529 694 3610 partinet
727 3527 766 3591 ad
800 3532 941 3593 nostram
975 3527 1161 3605 orationem,
1201 3528 1253 3592 cui
1286 3528 1332 3591 rei

245 3641 352 3703 lemen
374 3658 438 3704 non
459 3643 597 3706 multum
619 3641 794 3705 tribuerim.
840 3640 895 3705 cir.
919 3640 1006 3705 VIlI.
1030 3642 1069 3720 ἐξ
1093 3641 1145 3718 12,
1174 3641 1223 3717 14,
1248 3640 1299 3706 15.

264 3805 275 3820 .
332 3753 391 3817 Vel
422 3771 497 3818 casu
527 3753 649 3819 factum
679 3757 727 3818 est
750 3753 801 3818 vel
832 3753 964 3818 consilio
993 3752 1232 3838 ntJnonnullae
1265 3770 1335 3816 ora·
1466 3807 1467 3844 r

332 3933 355 4001 ¹)
374 3907 510 4003 Gleiniger
527 3936 544 3992 l.
563 3953 585 3990 c.
595 3956 622 4005 p.
633 3937 691 3992 168.
704 3921 735 3972 -ss
754 3933 777 4004 ²)
795 3935 932 3988 Francken
949 3935 967 3988 l.
987 3951 1009 3990 o.
1029 3952 1055 4004 p.
1078 3938 1100 3990 1.
1113 3965 1145 3973 --
1164 3932 1188 4003 8)
1206 3933 1337 4000 Quinctil.
1466 3955 1467 3984 ι

246 4019 298 4074 ΙΠ.
317 4023 342 4076 8.
362 4025 402 4077 ol.
423 4051 454 4060 ἡ
478 4020 499 4090 ⁴)
518 4021 676 4088 Philologus
694 4039 716 4076 a.
736 4025 778 4078 21.
798 4043 824 4094 p.
845 4025 904 4077 350.
926 4023 1001 4077 1861.
1028 4051 1059 4072 —.-
1086 4021 1108 4090 ὅ)
1128 4022 1216 4076 Perta.
1236 4023 1252 4075 l.
1273 4038 1295 4076 c.
1308 4023 1335 4114 ¹1.

246 4125 270 4176 p.
292 4109 331 4162 13.
