2940 4736
274 283 316 346 36

271 454 562 540 ἐπιτηδείοιςῐ)
579 449 800 535 ἀνεπιτήδειοι
820 449 969 528 δάξουσιν
986 451 1068 519 εἶναι
1093 452 1168 540 (τάν
1185 451 1247 542 γάρ
1265 454 1369 544 ἀρχήν

273 567 343 634 οὐδ’
362 567 402 632 ἀν
417 567 601 656 ἐπεχείρουν
616 564 852 652 ἐξαμαρτάνειν
868 570 914 642 εἰς
937 559 1020 653 ἐμέ),
1044 558 1170 641 τοῖςδέ
1184 567 1370 656 βουλοίμην
1455 641 1456 674 η

166 682 186 766 ξ
209 683 239 747 2.
272 679 313 746 ἀν
329 678 419 756 δόξαι
431 675 537 765 μηδὲν
556 678 673 744 ἀδικοῦν
687 677 824 754 τούτους
843 675 909 744 ἀπὸ
930 675 1056 744 τοῦτων
1079 677 1263 769 ἀδικεῖσθαι
1284 677 1371 766 πρίτ-

269 817 375 879 τερον.
408 791 545 878 ἀνιαρὸν
566 796 630 878 μὲν
653 787 713 858 οὖν
736 790 977 880 ἀναγκάζεσθαι
1001 793 1103 880 λέγειν
1124 793 1199 878 περί
1223 791 1363 872 τοῦτων,

271 905 436 973 ἀδῦνυτον
466 905 500 998 δέ
521 903 569 990 μη
601 905 712 994 λέγειν,
744 906 825 972 ὅταν
847 905 998 972 ἐναντίον
1018 914 1078 990 τῆς
1108 906 1237 985 ἐλπίδος
1260 914 1367 982 κακῶς

269 1018 381 1110 πάσχω
400 1020 453 1085 καί
471 1019 547 1094 τοῦς
564 1017 741 1092 δοκοῦντας
759 1017 841 1084 εἶναι
863 1017 975 1104 φίλους
998 1017 1191 1094 ἀδικοῦντας
1216 1019 1363 1105 εῦρίσκω.

166 1136 237 1214 ξδ.
355 1132 495 1218 Πρῶτον
523 1135 586 1217 μὲν
611 1126 681 1210 οὖν,
716 1137 770 1195 ἵνα
793 1129 842 1216 μη
866 1157 913 1205 τις
935 1129 1030 1216 ῦμιῦν
1051 1129 1132 1220 τάχα
1158 1130 1197 1217 δη
1222 1135 1367 1219 βοηθῶν

271 1242 319 1320 οἷς
342 1242 544 1331 ἐξημάρτηκε
567 1242 732 1330 πρόφασιν
756 1243 932 1330 πορίσηται
953 1250 1012 1328 τῆς
1036 1243 1209 1330 ἁμαρτίας,
1244 1245 1367 1338 εἰπάτω

271 1354 329 1424 οῦν
351 1357 398 1449 τίς
421 1355 513 1443 ὑμιῦν
538 1355 596 1422 ὑπ’
623 1362 704 1441 ἐμοῦ
730 1363 832 1430 κακῶς
855 1353 992 1440 ἀκήκοεν
1018 1355 1037 1441 ἢ
1063 1358 1248 1438 πέπονθεν,
1273 1359 1295 1444 ἢ
1318 1360 1368 1434 τίς

270 1476 354 1556 ἐμοῦ
381 1468 511 1554 δεηθείς
535 1467 593 1534 οῦκ
624 1467 732 1558 1ε’τυγεν
756 1463 800 1533 ἀν
823 1466 883 1555 ε’γιίι
906 1495 941 1534 τε
973 1467 1112 1544 δυνατὸς
1144 1466 1196 1554 ἦν’
1221 1471 1369 1546 κάκεῖνος

270 1580 447 1671 ἐπήγγειλε.
472 1582 505 1648 τί
526 1579 607 1667 δῆτά
632 1607 676 1666 με
699 1588 800 1658 κακοῖς
829 1579 870 1647 τά
897 1587 960 1668 μὲν
990 1584 1093 1671 λέγειν
1122 1582 1162 1648 τά
1193 1583 1229 1650 δέ
1252 1599 1367 1650 ποιεῖν

270 1701 463 1784 ἐπιχειρεῖτε,
493 1695 672 1760 καὶταῦτα
695 1691 777 1779 πρὸς
800 1691 937 1769 τοῦτους
964 1693 1054 1780 ἡμᾶς
1078 1693 1273 1782 διαβάλλειν,
1309 1699 1367 1772 οῦς

166 1813 238 1894 §4
269 1806 353 1893 πρὸς
374 1805 464 1892 ἡμᾶς
488 1804 605 1881 adzo-dg
637 1805 815 1893 διεβάλλετε
829 1810 875 1893 2),·
908 1806 958 1896 [τί
980 1807 1020 1873 δέ·
1043 1805 1254 1896 Διόδωρος
1284 1808 1369 1895 μά-

270 1928 387 1987 λιστα
410 1918 519 2004 ίγμῦς
543 1917 793 2009 διαβάλλειίς
823 1921 877 1985 καί
904 1944 966 2004 μοι
996 1921 1099 1995 οῦτιος
1123 1925 1253 2010 ἐνοχλεῖ,
1280 1923 1366 1988 ὥστε

270 2035 343 2119 περί
366 2033 516 2107 πλείονος
538 2030 717 2117 ἐποιήσατο
731 2033 838 2098 δοκεῖν
860 2038 942 2117 ἐμοῦ
965 2031 1138 2122 κίγδεσθαι,
1163 2036 1369 2121 μάλλονθ)

270 2145 291 2231 ἢ
315 2151 399 2232 ἐμοῦ
421 2158 595 2212 κατειπεῖν.
623 2147 644 2210 δ
667 2145 698 2211 δ’
723 2145 820 2234 ἐ’λεγε,
846 2143 956 2211 πάντα
979 2152 1043 2232 μὲν
1067 2145 1125 2212 οῦκ
1148 2146 1190 2213 ἀν
1213 2149 1363 2233 εἴποιμι·

269 2261 321 2324 καί
348 2257 409 2348 γάρ
447 2257 575 2325 ἀκοῦων
611 2256 780 2346 ἠχθόμην,
819 2256 890 2324 οὐδ’
917 2257 960 2322 άν
994 2257 1076 2345 ὑμῖν
1112 2262 1281 2339 ἐπικαλῶν,
1318 2263 1367 2328 ὅτι

271 2373 389 2460 ἐλέγετε
417 2371 488 2437 κατ’
515 2377 599 2456 ἐμοῦ
626 2378 742 2451 ταῦτα,
775 2370 1023 2457 εὐδοκιμεῖν
1054 2369 1283 2460 δάξαιμιθ·
1315 2375 1368 2439 καί

166 2487 240 2571 §ir
270 2484 331 2574 γάρ
355 2483 397 2551 ἀν
420 2482 599 2569 ἀπολύοιμι
621 2492 680 2570 τῆς
710 2485 814 2560 αἰτίας
836 2484 935 2570 ὑμᾶς,
970 2487 1060 2570 εἴπερ
1082 2483 1163 2571 ῦμῖν
1185 2483 1317 2551 ταῦτά
1340 2489 1366 2571 ⁵)

270 2600 432 2685 λέγοιμι
454 2599 528 2682 περί
551 2602 712 2682 ἐμαυτοῦ·
739 2599 760 2662 ἀ
784 2596 818 2662 δὲ
840 2596 979 2684 ὑβρίζειν
1003 2595 1150 2684 οἰόμενοι
1181 2603 1239 2684 ἐμὲ
1262 2623 1366 2664 κατα-

270 2708 444 2800 γελάστους
467 2708 556 2794 ὑμᾶς
580 2707 698 2786 αὐτοῦς
721 2715 869 2789 ἐποιεῖτε,
894 2717 998 2776 ταῦτα
1017 2711 1101 2786 λέξω.
1127 2711 1184 2798 βίη
1205 2711 1266 2799 γάρ
1284 2710 1365 2798 ῦμῖν

270 2820 489 2907 ἐφάσκετὲμε
509 2827 649 2898 ξυνεῖναι
672 2824 723 2887 καί
748 2823 965 2911 διαλίγεοθαι,
993 2824 1045 2888 καί
1068 2821 1179 2890 πάντα
1196 2832 1367 2898 ποιοῦντες

273 2934 331 3001 οῦκ
353 2934 435 3024 ἐχειν
458 2936 547 3009 ὅπως
570 2933 778 3024 ἀπαλλαγῆτέ
805 2959 886 3019 μου,
918 2936 970 3000 καί
998 2934 1244 3002 τὸτελευταῖον
1268 2935 1367 3002 ἀκάν-

271 3057 334 3114 τιον
347 3047 440 3134 ὑμῶν
456 3044 660 3114 Ἐλευσῖνάδε
673 3052 877 3134 ξυνθεωρεῖν.
900 3049 952 3113 καί
970 3055 1073 3114 ταῦτα
1093 3050 1238 3136 λέγοντες
1253 3053 1367 3116 οἴεσθε

179 3197 202 3259 ,ν
272 3166 335 3247 μὲν
366 3166 422 3247 ἐμὲ
452 3166 648 3250 κακολογεῖν,
682 3159 884 3248 ἀποφαίνετε
913 3160 948 3227 δὲ
977 3160 1189 3236 σκαιοτάτους
1218 3160 1364 3241 ἑαυτοίς,

274 3279 467 3358 οἵτινεςθ)
492 3273 558 3340 ἀπὸ
582 3271 642 3340 τὸν
665 3272 766 3340 αὐτὸν
787 3270 904 3362 χρόνον
927 3272 986 3341 τὸν
1006 3272 1107 3341 αῦτῦν
1130 3274 1233 3361 ἀνδρα
1257 3273 1365 3360 λάθρα

271 3392 335 3472 μὲν
370 3386 571 3472 ἐλοιδορεῖτε,
612 3393 758 3473 φανερῶς
796 3387 830 3452 δὲ
859 3387 1157 3472 ιγίλοννένομίζετε.
1193 3394 1273 3475 χρῆν
1302 3385 1363 3475 γάρ

315 3563 316 3566 ’
358 3561 380 3632 1)
398 3565 456 3620 τοῖς
475 3559 644 3628 ἐπιτηδείοις
657 3562 797 3632 Taylorus3
816 3562 880 3616 libri
897 3563 955 3618 τοῖς
975 3559 1187 3628 ἀνεπιτηδείως.
1209 3591 1242 3598 -
1261 3560 1284 3630 2)
1302 3562 1366 3617 haec

271 3652 326 3706 foro
340 3651 424 3706 amico
434 3651 563 3706 excidisse
572 3651 704 3706 videntur.
716 3679 747 3688 -·
759 3648 782 3719 ⁸)
793 3650 856 3704 libri
866 3657 911 3701 και
922 3646 1042 3717 μᾶλλον,
1059 3650 1173 3719 priorem
1190 3649 1366 3718 conjecturam

273 3755 360 3792 meam
381 3755 451 3794 nunc
469 3739 556 3796 minus
575 3737 715 3807 probarim,
734 3754 829 3808 sequor
846 3739 936 3808 potius
945 3737 1130 3792 Marklandum
1145 3737 1191 3808 qui
1207 3737 1246 3790 ita
1255 3737 1367 3805 oonjooit

271 3821 379 3890 μᾶλλον
395 3822 465 3890 ἢ-.
484 3841 545 3878 nam
560 3825 592 3878 do
608 3825 658 3878 hoo
667 3825 725 3892 ipso
737 3825 895 3880 Graecorum
904 3842 955 3878 usu
965 3823 1076 3878 Ki'rhnor
1085 3841 1155 3878 auso.
1166 3823 1281 3880 (ἄτοποι,
1291 3825 1328 3879 11.
1339 3844 1363 3892 p.

272 3916 305 3967 25
318 3912 447 3980 exposuit,
466 3912 512 3981 qui
530 3912 627 3966 Herod.
640 3915 660 3967 I.
673 3915 705 3968 31
724 3914 751 3965 oi
768 3911 852 3965 multa
870 3912 922 3966 alia
940 3910 1057 3980 ejusdem
1074 3911 1179 3980 generis
1197 3911 1364 3980 rociooxpli-

274 3998 354 4054 (rarii.
374 4027 406 4036 -
425 3996 449 4063 ⁴]
467 3998 530 4053 libri
546 3999 641 4053 vitioso
652 3997 755 4060 ταῦτα,
777 3994 907 4066 δόξαιμι;
927 3999 1028 4052 amious
1046 3997 1174 4052 excidisse
1190 3999 1268 4066 putat
1286 3994 1364 4050 εὗδο-
1455 4008 1456 4050 ι

275 4086 375 4154 κιμεῖν,
398 4115 430 4136 -.-
459 4083 481 4154 ⁵)
500 4085 574 4142 codd.
595 4087 619 4144 X
638 4088 666 4141 et
684 4084 757 4143 DGO
776 4085 876 4152 habent
893 4085 988 4154 ταῦτα.
1002 4115 1043 4137 .-
1067 4083 1091 4156 ⁶)
1108 4085 1172 4148 libri
1190 4083 1289 4141 οἵτινες
1305 4087 1362 4155 μὲν.
