2914 4728
236 267 255 332 8

233 441 379 522 idemque
414 441 501 505 valet
542 441 579 505 de
614 434 864 510 πολνοννάέτοις
898 440 932 502 et
964 432 1162 512 άσννθὲτοις,
1210 437 1331 520 quibus

216 556 343 630 ¹nostro
367 555 466 618 oratic
490 559 540 616 est
563 552 781 616 refertissima.
826 550 911 634 (XII.
925 553 964 630 ἐξ
978 550 1029 629 λ8,
1047 545 1214 629 ΙΟΟζΧΝ.
1228 552 1246 633 ξ
1258 551 1331 633 41.)

322 666 396 732 dam
411 663 612 748 Gleiniger1)
629 663 800 746 respiciens
823 662 843 746 ξ
859 663 878 726 3
897 662 1035 746 βοηθῶν
1059 658 1107 736 οἷς
1129 660 1332 748 ἐξημάρτηκε

105 835 108 842 .
234 780 326 862 plura
356 780 393 844 dc
422 781 704 862 μεταφοράςποπ
729 776 886 840 disserens
917 776 1032 860 gaudio
1064 777 1212 856 exsultat,
1244 779 1331 859 qued

234 892 444 972 investigasse
476 890 537 954 sibi
566 889 691 954 videtur
719 890 848 972 Lysiam
882 888 1086 970 cupidissime
1115 890 1260 956 notiones
1290 891 1330 954 ab

236 1024 341 1070 rerum
364 1003 552 1068 militarium
584 1022 643 1066 usu
667 1002 706 1066 ad
730 1021 779 1066 res
802 1002 943 1067 forenses
973 1003 1205 1067 transtulisse„
1237 1005 1332 1084 Quod

234 1119 318 1183 idem
341 1120 372 1182 et
394 1121 479 1181 recte
504 1119 536 1180 et
559 1116 641 1180 falso
666 1134 735 1180 csse
760 1116 879 1180 dictum
903 1115 1005 1197 quivis
1029 1115 1194 1197 intelligit.
1243 1118 1330 1181 Nam

234 1229 388 1294 vocabula
412 1223 511 1312 ἀγών,
539 1223 720 1312 ἀγώνισμα,
752 1223 955 1311 παρασκευή,
992 1230 1105 1311 αἱρεῖν,
1132 1225 1327 1312 λαμβάνειν,

231 1344 371 1426 βοηθεῖν
395 1345 454 1407 cet.
480 1341 580 1406 sicin
604 1339 898 1424 frequentissimum
923 1342 1085 1406 rhetorum
1109 1361 1200 1407 usum
1224 1327 1350 1408 intra·¹

234 1460 316 1533 runt,
349 1458 383 1520 ut
410 1456 496 1520 notio
520 1455 628 1520 nativa
660 1455 788 1521 omnino
818 1455 859 1519 sit
888 1453 993 1519 deletu
1021 1473 1124 1537 neque
1154 1457 1330 1532 sontiatum

234 1572 318 1635 erret
341 1569 440 1649 igitur
452 1566 615 1649 Glciniger
639 1567 748 1654 sihao
772 1567 809 1632 de
834 1584 929 1632 cause
950 1565 1090 1650 βοηθῶν
1116 1563 1163 1640 οἷς
1185 1565 1331 1652 ἐξημάρ-

232 1704 308 1764 equa
326 1681 495 1764 Lysiecum
519 1681 689 1746 existimat.
720 1675 803 1744 Sane
826 1679 922 1744 verbo
944 1678 1086 1762 βοηθεῖν
1110 1701 1202 1746 nemo
1227 1682 1330 1748 offen-

234 1796 335 1872 detur,
360 1797 393 1860 et
417 1795 494 1859 dura
517 1797 684 1858 verborum
708 1793 950 1858 constructione.

320 1908 432 1988 Leges,
456 1923 534 1988 quas
558 1926 585 1972 v.
605 1907 633 1973 d.
653 1907 690 1971 de
709 1905 877 1971 vorborum
900 1903 1127 1987 compositione
1151 1925 1187 1970 ex
1211 1909 1330 1972 veteri·

234 2023 293 2086 bus
317 2020 531 2085 monumentis
555 2038 663 2084 eruere
688 2017 793 2083 conati
824 2021 909 2095 sunt,
933 2018 1026 2082 valde
1050 2019 1204 2085 vacillant
1232 2024 1330 2104 atque

234 2133 444 2209 fluctuantur3
464 2132 496 2195 id
516 2132 598 2214 quod
619 2150 711 2196 nemo
732 2130 909 2209 mirabitur,
927 2130 981 2212 qui
1000 2134 1194 2214 quantopere
1214 2134 1330 2199 studiis

236 2249 266 2308 ct
297 2243 457 2309 amoribus
489 2245 658 2327 scriptores
690 2245 782 2308 ⁴inter
813 2263 881 2309 sese
913 2245 1032 2310 distent
1063 2246 1329 2324 consideraverit;

235 2349 298 2422 e'lie
322 2357 405 2422 onim
429 2358 468 2421 ab
492 2357 564 2421 aliis
588 2357 651 2422 alic
674 2357 767 2422 modo
792 2360 981 2436 tractantur,
1011 2358 1145 2442 aliisque
1169 2360 1233 2424 elie
1255 2361 1328 2442 pla·

236 2473 317 2535 cent.
362 2472 467 2553 Atque
492 2470 605 2553 Lysiae
636 2470 823 2551 placuerunt
851 2470 947 2536 verba
977 2472 1103 2554 saepius
1134 2473 1326 2555 composita:

235 2583 317 2665 quod
342 2582 504 2664 Gleiniger
527 2600 646 2662 negans
671 2583 755 2646 solas
779 2584 1023 2665 compositiones
1047 2584 1272 2678 ἐπεξέρχεοθαι
1296 2589 1328 2650 et

235 2694 391 2768 ἐπεξιέναι
414 2695 446 2759 in
471 2715 529 2759 usu
552 2695 669 2780 Lysiae
693 2695 791 2760 fuisse
815 2696 941 2779 dicit‘2),
972 2715 1046 2788 nam
1076 2699 1159 2780 quod
1183 2686 1327 2765 occurrat

235 2809 273 2874 X.
298 2808 316 2889 ξ
339 2808 378 2872 18
403 2803 817 2893 euovdyvodsefflagitarc
841 2811 1094 2876 emendationem
1118 2814 1211 2895 etque
1235 2835 1326 2896 περι-

236 2919 454 3002 καταρρέοντα
477 2919 579 2985 ΧΧΧ.
603 2919 683 3004 §22
706 2921 870 2987 offensioni
894 2924 1075 2989 essentie
1099 2925 1240 2990 oratione
1263 2944 1324 2990 non

236 3033 379 3116 Lysiaca.
410 3034 497 3114 Quae
521 3052 581 3115 qno
603 3033 674 3118 jure
689 3034 859 3117 disputate
882 3019 946 3101 sint
968 3037 1082 3102 docent
1104 3037 1183 3103 hacc
1205 3037 1324 3104 bicom·

234 3147 354 3228 posite:
1121 3163 1125 3170 ’

391 3255 726 3343 ἀποδιοπομπεῖσθαι
751 3261 803 3326 VI.
826 3261 844 3343 ἓ
869 3261 920 3327 53.

392 3371 683 3456 προσαπολωλέναι
705 3371 778 3439 XII.
802 3374 820 3457 ἓ
845 3375 896 3441 64.

392 3481 641 3552 συναπώλλυντο
665 3486 736 3565 XII,
759 3487 780 3571 ξ
803 3488 855 3553 88.

391 3599 698 3664 συνεκπλευσεῖσθαι
721 3600 809 3667 ΧΙΙΙ.
834 3602 872 3682 ἐξ
897 3599 949 3666 25.
973 3601 1025 3666 26.
1049 3603 1100 3667 27.

392 3707 686 3796 συνδιαβάλλεσθαι
708 3713 796 3777 XIII.
819 3713 837 3796 ἓ
862 3714 913 3778 26.

391 3822 579 3897 συνεξέδωκε
602 3825 687 3889 XIX.
710 3826 730 3907 ξ
753 3825 805 3890 59.

391 3938 575 4024 ἐπιγααλεῑν
598 3942 630 4004 ct
652 3935 921 4022 άπιριυάσκιμεῑν
944 3938 1027 4004 VIII.
1052 3939 1090 4023 ἐξ
1118 3941 1145 4005 1.
1170 3938 1198 4004 I.

322 4085 344 4158 1)
362 4089 380 4142 1.
400 4104 422 4143 τ.
442 4107 469 4165 p,
490 4089 547 4144 171.
567 4115 599 4124 -
618 4083 640 4158 ι)
658 4085 677 4139 1.
696 4099 718 4139 ο.
737 4103 764 4156 p.
785 4087 843 4142 rue.
