3000 4732
244 312 286 378 22

245 489 364 553 iturum
386 489 474 569 puto.
521 488 603 553 Nam
628 505 666 553 ne
690 486 793 552 dicam
818 489 856 552 de
880 485 1021 551 violenta
1043 487 1211 552 verborum
1232 487 1355 550 muta-·

247 597 344 679 tione,
374 601 462 665 nullo
486 587 578 664 modo
602 600 796 681 intelligitur
824 619 903 683 quac
928 617 1024 664 eausa
1045 599 1096 663 his
1118 599 1240 665 verbis:
1271 598 1345 677 „rei

244 713 367 778 nullam
381 719 511 778 caursam'
525 713 730 796 ignorabitia
755 713 782 778 ei
805 713 1023 795 inposterum
1046 713 1233 778 necessariis
1256 711 1343 776 meis

244 826 365 890 inimici
399 845 467 890 esse
503 825 721 914 videbimini“,
752 826 953 891 contineatur
987 844 1043 890 our
1075 826 1196 909 majore
1231 824 1344 890 studio

248 939 366 1004 a'mioos
395 958 489 1021 quam
519 957 589 1003 reos
620 940 804 1021 alloquatur
832 943 946 1004 orator.
999 938 1162 1022 Glciuigcr
1175 937 1202 1024 ¹)
1230 938 1345 1002 locum

251 1052 380 1117 facilem
411 1052 558 1135 expeditu
587 1055 676 1118 ratus
705 1052 738 1116 in
768 1053 985 1136 conjecturam
1015 1051 1154 1118 Scheibii
1181 1069 1218 1117 ac
1246 1069 1349 1115 suanr

250 1165 376 1230 incidit:
400 1160 580 1247 ,μιμήσεσι
602 1167 691 1247 passt
715 1165 818 1243 nieht;
842 1184 916 1231 man
928 1165 985 1230 hat
1008 1166 1076 1230 also
1100 1183 1258 1249 zusagen,
1281 1183 1349 1228 aur.

245 1279 314 1342 'deit
350 1279 403 1348 dos
438 1279 655 1359 Excerpenten
689 1296 753 1344 war
788 1280 844 1344 das
879 1279 1010 1345 verbnm
1043 1283 1145 1362 τιμᾶν
1189 1278 1221 1342 in
1267 1277 1345 1342 eine

244 1392 443 1455 schudohere
458 1391 648 1475 Bedeutung
671 1392 927 1478 ribergegangem
951 1396 1031 1457 etua
1054 1391 1159 1472 gleich
1180 1385 1343 1474 μελήσειν

244 1503 441 1584 gewordcn“.
488 1505 535 1568 Do
559 1505 672 1586 quibus
696 1505 776 1570 nihil
806 1526 884 1589 opus
914 1509 963 1571 est
985 1505 1077 1588 plura
1100 1505 1214 1570 dicere.
1259 1505 1342 1568 Ilm-

243 1617 348 1698 parius
380 1615 533 1698 conjecit:
562 1615 639 1689 τοὺς
660 1609 725 1700 μὲν
746 1616 808 1704 γὰρ
831 1616 911 1702 παρ’
938 1615 1034 1682 οὐδὲν
1056 1613 1151 1701 οἶμαι
1172 1612 1340 1700 τιμήσειν,

244 1748 379 1811 quocum
404 1729 528 1807 leniam,
553 1749 593 1794 an
607 1750 679 1796 cum
693 1731 838 1797 Scheibio
861 1743 930 1805 τοις
951 1734 1015 1816 μὲν
1036 1727 1098 1818 γὰρ
1123 1728 1220 1795 οὐδὲν
1244 1727 1344 1814 οἶμαι

243 1837 396 1924 μελήσειν
420 1846 614 1924 proponente
638 1844 758 1911 dubito.

252 1956 310 2018 -εἰ
331 1965 415 2027 τοῖς
445 1952 757 2036 ἀνεπιτηδείοις
786 1955 1076 2041 ἀνεπιτήδειοι
1097 1953 1301 2034 δόξουσιν

728 2067 849 2134 εἶναι.

330 2181 485 2263 Taylorus
518 2183 638 2263 primus
678 2203 733 2265 pro
769 2180 1016 2266 ἀνεπιτηδείως,
1059 2185 1142 2267 quod
1181 2185 1342 2266 praebent

244 2295 333 2358 ocdd.
363 2295 403 2358 ad
434 2313 531 2358 unum
563 2314 682 2375 omnes,
707 2297 914 2362 'librariorum
944 2297 1021 2363 vitio
1053 2301 1192 2363 correcto
1223 2299 1342 2378 ἐπιτη-

244 2404 340 2478 δείοις
357 2407 500 2488 scripsit,
525 2410 575 2472 curi
598 2411 834 2493 obsequendum
857 2415 916 2476 est.
949 2471 953 2478 .

399 2513 479 2582 ὑπὸ
507 2517 662 2584 τούτων
692 2520 932 2586 ἀδικεῖσθαι
955 2520 1174 2608 πρότερον.

332 2634 368 2694 ln
391 2631 440 2696 his
464 2633 568 2698 haesit
591 2623 754 2720 Glciniger
777 2637 1008 2702 enunciationis
1031 2641 1153 2720 partem
1178 2636 1339 2703 vocabulo

243 2742 318 2827 cpio
353 2745 556 2826 incipientem
594 2747 702 2813 deesse
733 2749 922 2831 suspicatus,
968 2749 1012 2815 At
1041 2751 1121 2815 mihi
1151 2751 1189 2814 de
1220 2750 1340 2814 mendo

243 2856 339 2921 verba
369 2876 431 2921 non
460 2857 607 2923 videntur
642 2865 798 2943 suspecta,
833 2882 904 2928 cum
939 2863 1155 2929 adverbialem
1189 2862 1341 2928 vocabuli

242 2964 403 3052 πρότερον
416 2990 507 3034 usum
520 2973 703 3054 saepissime
716 2975 924 3040 inveniamus,
948 2977 1092 3059 Xenoph.
1107 2976 1208 3042 Anab.
1222 2978 1246 3040 l.
1261 2976 1290 3054 7,
1302 2977 1340 3042 8,

242 3083 359 3147 Herod.
389 3082 443 3147 IV.
466 3082 518 3148 45.
563 3086 711 3152 Fortasse
739 3087 836 3152 malis
867 3108 939 3152 cum
970 3089 1087 3155 Cobeto
1118 3084 1277 3173 πρότερος
1292 3088 1335 3172 ²),

243 3195 297 3277 qui
321 3195 403 3259 idem
413 3196 439 3278 ³)
461 3197 515 3262 IV.
530 3196 547 3279 ξ
563 3199 603 3263 15
626 3219 681 3281 pro
704 3195 847 3283 πότερον
864 3196 1026 3285 πρότερον
1049 3198 1194 3290 ἐπλήγην
1211 3199 1232 3284 ή
1250 3197 1340 3265 ἐποί-

242 3310 321 3380 ιιιξσ
357 3309 520 3389 proposuit
553 3308 723 3396 πρότερος,
761 3315 843 3395 quod
878 3318 1066 3397 receperunt
1100 3315 1246 3381 editores,
1290 3316 1340 3382 Et

242 3423 321 3485 hacc
344 3420 527 3503 conjectura
549 3425 652 3508 magis
676 3427 803 3506 arridet,
828 3447 899 3493 cum
923 3429 1090 3494 antecedat
1112 3423 1265 3512 πότερον,
1292 3431 1338 3495 ad

243 3534 326 3617 quod
349 3533 538 3600 uocabulum
562 3540 646 3603 oculi
668 3540 871 3608 librariorum
895 3541 1028 3606 sortasse
1052 3540 1288 3608 aberraverunt.

375 3645 570 3720 ἐναντίον
597 3657 669 3734 τῆς
697 3651 863 3727 ἐλπίδος
890 3661 1016 3727 κακῶς
1043 3650 1195 3742 πάσχω.

253 3795 259 3801 -
329 3757 518 3841 Suspectum
541 3765 773 3844 est‘tnoou'cv,
810 3767 1148 3852 significat‘enim·-
1177 3771 1234 3836 ci.
1263 3764 1287 3854 θ’
1315 3772 1334 3835 1

245 3886 450 3896 *—

332 3941 354 4011 1)
374 3944 509 4013 Gloiniger
527 3946 544 4000 l.
565 3965 586 4001 c.
606 3966 631 4017 p.
653 3951 711 4007 176.
724 3979 755 3986 -
774 3948 796 4016 ⁹)
815 3952 896 4020 Cujus
914 3952 1081 4020 conjecturae
1099 3933 1232 4007 auctorem
1249 3954 1338 4010 furiare

242 4029 518 4174 {qufflpHZrffleinggm'
555 4033 646 4105 Progr.
667 4036 692 4090 d.
712 4037 807 4110 Gymn.
837 4055 858 4094 z.
878 4040 1024 4094 Wortheim
1045 4041 1119 4098 1862.
1142 4071 1168 4082 ι»
1197 4038 1219 4112 ³)
1239 4042 1335 4101 Cobet.

267 4133 305 4176 ar.
334 4133 383 4172 ec.
402 4135 428 4188 p.
483 4122 508 4176 6.
728 4135 731 4144 ’
893 4158 896 4171 =
1206 4169 1209 4174 -
1337 4128 1341 4134 ’
