2940 4736
268 292 310 360 32

262 468 353 532 fecta
373 467 498 547 ridetur
516 466 555 532 ab
576 468 681 533 studio
699 467 945 551 diligentissimo
967 468 1151 554 interpretis
1173 471 1363 536 ostendendi
1461 463 1462 466 ’

269 583 300 646 et
313 580 496 663 perficiendi
513 561 593 645 nihil
611 583 738 646 nostrae
756 583 891 647 orationi
911 584 1025 662 inesse,
1048 603 1109 666 quo
1129 585 1361 650 sententiamm
1461 617 1462 672 3

268 694 430 760 vinculum
453 695 617 760 solvatur:
651 693 815 760 Scheibius
839 715 912 760 oum
925 695 1050 763 Dobroo
1074 702 1164 780 τιμᾶν
1185 721 1233 784 γε,
1259 697 1361 762 idem·
1461 679 1462 708 ³

267 827 327 891 quc
351 803 537 894 (λιρικοάμην
567 805 641 890 περὶ
671 803 799 872 τοτ’·των
820 831 881 891 μοι
903 807 1010 893 μηδὲν
1034 849 1071 875 -÷
1097 812 1149 875 vel
1173 805 1364 896 ἀιρικοάριην

267 919 450 1006 αἰτουμένῳ
479 942 540 1002 μοι
567 917 686 1002 μηδὲν.
743 922 938 988 Frauckcnic
968 924 1090 1005 placuit
1119 925 1149 987 εἰ
1172 920 1233 1009 γάρ
1265 918 1362 987 εἶπον

267 1032 353 1117 ἐμοί,
379 1033 401 1096 ἀ
422 1030 471 1116 μὴ
495 1028 579 1116 μειά
609 1029 734 1097 τοτ”ιοιν
764 1031 984 1119 ἀδικουμένου
1004 1059 1074 1120 μου
1100 1035 1209 1120 μηδὲν
1236 1030 1280 1118 ἦν
1311 1034 1361 1100 δι’·

266 1169 358 1210 καιον
382 1149 496 1221 εἰπεῖν,
526 1139 546 1227 o}
571 1169 639 1210 που
669 1152 771 1220 καλῶς
803 1149 1038 1232 συνέπραττον.
1071 1170 1133 1216 non
1165 1151 1243 1215 satis
1272 1168 1361 1215 asse·

267 1280 345 1342 quor
374 1278 454 1343 quae
484 1259 700 1324 Franckenins
731 1281 761 1343 p.
792 1263 835 1328 64
865 1263 903 1328 (le
933 1263 993 1328 heo
1027 1263 1210 1346 conjectura
1244 1263 1360 1328 docuit.

266 1374 306 1437 Et
339 1391 390 1438 res
421 1371 525 1452 ¹adhue
559 1373 699 1438 vacillat.
763 1375 962 1453 Emendatio,
1004 1395 1100 1458 qoam
1140 1376 1174 1441 in
1211 1379 1360 1459 promptu

266 1486 429 1563 habemus,
459 1485 536 1550 haee
565 1489 623 1563 est,
647 1487 802 1551 voeabula
832 1489 1018 1554 emendatae
1046 1490 1195 1555 lectionis
1223 1508 1285 1554 non
1312 1489 1360 1554 ita

266 1601 404 1666 multum
427 1599 589 1664 distante
612 1600 749 1678 traditis,
772 1602 931 1666 sententia
954 1621 1035 1685 quae
1058 1604 1209 1682 nascitur,
1241 1604 1360 1685 optime

266 1716 299 1778 in
316 1733 385 1780 rem
402 1713 496 1790 cadit,
520 1713 712 1777 constructio
733 1716 892 1778 conversis
911 1717 1076 1780 vocabulis
1093 1717 1243 1781 laborans
1263 1714 1360 1796 plana

265 1831 373 1892 tamen
415 1830 447 1891 ct
490 1825 629 1891 dilucida
669 1829 829 1891 servatur:
869 1825 1008 1914 καίτοιγε
1047 1834 1138 1911 coeii!
1176 1853 1212 1913 γε
1252 1822 1361 1890 αάτάιν

265 1935 480 2027 τιατ-ηνάρουν.
531 1941 560 2002 τί
591 1935 653 2024 γάρ
686 1961 747 2021 μοι
784 1937 824 2002 τά
867 1937 957 2023 παρά
998 1935 1124 2006 τοάτιυν
1158 1937 1359 2024 dilaniaretur
1461 2023 1462 2026 ρ

264 2051 313 2137 μὴ
345 2048 388 2135 ἦν
416 2051 543 2118 δίκαιον
573 2053 688 2128 εἰπεῖν,
721 2045 741 2132 ἦ
772 2074 840 2116 που
868 2057 971 2125 καλῶς
1001 2052 1236 2137 συνέπραττον.
1268 2053 1299 2117 h.
1331 2071 1358 2116 e.

266 2169 419 2232 Attamen
443 2185 476 2230 se
499 2166 585 2246 ipsos
608 2163 818 2239 aocusabant;
849 2184 924 2230 nam
953 2168 979 2231 si
1011 2167 1089 2232 mihi
1120 2186 1183 2232 non
1212 2166 1359 2231 licuisset

266 2281 452 2357 calumniae,
498 2297 576 2359 quas
621 2278 653 2342 in
699 2297 749 2342 me
788 2279 945 2359 jecerunt,
991 2299 1171 2363 coarguere,
1216 2279 1358 2361 prolecto

266 2411 337 2458 mea
360 2373 463 2458 salute
480 2410 605 2456 meorum
629 2391 785 2474 egissent!
809 2392 854 2455 ita
879 2397 913 2456 ot
936 2397 1038 2466 καλῶς
1059 2394 1213 2458 ironicum
1238 2392 1279 2456 sit
1302 2409 1358 2472 pro

264 2529 377 2578 witolfi.

265 2617 328 2682 καλ
358 2615 419 2682 «iaci
450 2623 570 2681 τοῦτο
603 2613 898 2701 ἀντέπραττον,
931 2622 995 2681 ἵνα
1019 2614 1091 2684 τόν
1113 2614 1211 2700 έμόν
1234 2612 1358 2704 λόγον

623 2727 745 2811 τιίλεέη
771 2727 999 2812 Πολυκλῆς.

352 2843 517 2926 Emporius
552 2861 607 2924 pro
639 2839 863 2925 ἀντέπραττον
900 2843 1025 2924 flagitat
1055 2840 1237 2928 ἀντέλεγον,
1274 2843 1357 2925 quod

266 2961 417 3040 sequatur
449 2952 506 3019 τὸν
545 2951 635 3038 ἐμὸν
654 2950 763 3040 λόγου.
824 2955 932 3020 Facile
969 2956 1123 3022 aberrant
1159 2956 1308 3021 librarius
1338 2975 1358 3020 a

265 3069 361 3134 verbu
395 3065 567 3154 ἀντιλέγειν
601 3069 640 3132 cd
674 3063 913 3150 ἀντιπράττειν,
958 3070 1013 3133 scd
1049 3069 1154 3162 nescio
1194 3087 1235 3133 au
1275 3068 1357 3132 scula

266 3183 384 3248 rectius
406 3180 743 3246 videatur-lectionem
768 3181 856 3246 codd.
881 3199 1016 3260 serrare,
1048 3200 1121 3249 nam
1153 3182 1274 3246 inimici
1303 3199 1356 3246 ea-

266 3295 405 3360 lumnias
419 3295 559 3359 dicentes
583 3297 692 3359 eontra
716 3295 874 3357 oratorem
897 3295 993 3360 etiam
1018 3297 1117 3376 agunt
1141 3298 1251 3360 contra
1274 3313 1356 3371 eum,
1461 3361 1462 3364 ,

266 3408 373 3490 itaque
411 3406 542 3471 verbum
573 3401 801 3488 ἀντιπράττειν
829 3408 983 3488 quadrare
1013 3410 1091 3490 puto
1120 3408 1160 3472 ad
1187 3404 1246 3471 τάν
1276 3403 1356 3491 ι’,ιιάν

265 3515 373 3608 λόγον.

266 3632 354 3697 ἐπεὶ
384 3630 523 3714 κέρδος
552 3625 600 3711 ἦν
630 3629 731 3718 αὐτῷ
762 3628 994 3716 διαβάλλειν
1023 3633 1092 3716 ἐμὲ·
1122 3629 1228 3716 πρὸς
1251 3629 1357 3715 ι”,ιιάς

537 3744 641 3808 οὕτω
664 3741 895 3829 προθύμως
919 3745 1041 3812 ὥστε.
1059 3791 1094 3810 ..

269 3935 273 3940 ,
353 3858 517 3941 Emporias
539 3854 559 3939 ii
583 3881 613 3920 τι
636 3857 760 3936 maluit,
790 3859 899 3923 Baiter
921 3855 1033 3923 ἔπειτα
1055 3855 1096 3922 τί.
1132 3857 1356 3923 Libentissime

268 3992 340 4038 eum
363 3971 508 4038 Scheibio
531 3967 642 4034 ’ἔπειτα
662 3970 812 4048 defendo,
840 3971 1028 4053 praesertim
1058 3989 1131 4036 cum
1153 3970 1357 4052 Lamprosius

268 4107 304 4150 ex
327 4086 397 4151 eod.
419 4084 590 4150 collatione
620 4085 698 4149 haee
727 4084 780 4148 det
803 4082 871 4148 loll
895 4088 1005 4150 eontra
1034 4083 1236 4150 collationem
1264 4082 1356 4166 Kay·
1461 4103 1462 4128 1
