<?xml version="1.0" encoding="UTF-8"?>
<!DOCTYPE html PUBLIC "-//W3C//DTD XHTML 1.0 Transitional//EN"
    "http://www.w3.org/TR/xhtml1/DTD/xhtml1-transitional.dtd">
<html xmlns="http://www.w3.org/1999/xhtml" xml:lang="en" lang="en">
 <head>
  <title>
</title>
<meta http-equiv="Content-Type" content="text/html;charset=utf-8" />
  <meta name='ocr-system' content='tesseract 3.04.00' />
  <meta name='ocr-capabilities' content='ocr_page ocr_carea ocr_par ocr_line ocrx_word'/>
</head>
<body>
  <div class='ocr_page' id='page_1' title='image "./depseudolysiaeo00lysigoog_0041.png"; bbox 0 0 3000 4732; ppageno 0'>
   <div class='ocr_carea' id='block_1_1' title="bbox 268 294 312 360">
    <p class='ocr_par' dir='ltr' id='par_1_1' title="bbox 268 294 312 360">
     <span class='ocr_line' id='line_1_1' title="bbox 268 294 312 360; baseline 0.045 -2"><span class='ocrx_word' id='word_1_1' title='bbox 268 294 312 360; x_wconf 84' lang='lat'>34</span> 
     </span>
    </p>
   </div>
   <div class='ocr_carea' id='block_1_2' title="bbox 246 461 1363 3375">
    <p class='ocr_par' dir='ltr' id='par_1_2' title="bbox 267 461 1363 776">
     <span class='ocr_line' id='line_1_2' title="bbox 269 461 1363 555; baseline -0.002 -23"><span class='ocrx_word' id='word_1_2' title='bbox 269 464 371 534; x_wconf 80' lang='grc' dir='ltr'><strong><em>αι’τόν</em></strong></span> <span class='ocrx_word' id='word_1_3' title='bbox 400 470 430 534; x_wconf 80' lang='grc' dir='ltr'>εἰ</span> <span class='ocrx_word' id='word_1_4' title='bbox 457 464 498 532; x_wconf 73' lang='grc' dir='ltr'>δι’</span> <span class='ocrx_word' id='word_1_5' title='bbox 523 468 581 552; x_wconf 78' lang='grc' dir='ltr'>ἐμὲ</span> <span class='ocrx_word' id='word_1_6' title='bbox 614 471 718 542; x_wconf 76' lang='grc' dir='ltr'><strong><em>κακῶς</em></strong></span> <span class='ocrx_word' id='word_1_7' title='bbox 750 466 836 555; x_wconf 75' lang='grc' dir='ltr'><strong><em>λε’γοι</em></strong></span> <span class='ocrx_word' id='word_1_8' title='bbox 867 461 1048 550; x_wconf 73' lang='grc' dir='ltr'><em>Διόδωρον·</em></span> <span class='ocrx_word' id='word_1_9' title='bbox 1082 463 1100 531; x_wconf 82' lang='grc' dir='ltr'><strong>ὃ</strong></span> <span class='ocrx_word' id='word_1_10' title='bbox 1131 464 1166 532; x_wconf 78' lang='grc' dir='ltr'>δὲ</span> <span class='ocrx_word' id='word_1_11' title='bbox 1198 471 1363 531; x_wconf 85' lang='grc' dir='ltr'><strong><em>τοσοῦτον</em></strong></span> 
     </span>
     <span class='ocr_line' id='line_1_3' title="bbox 267 575 1363 667; baseline 0.003 -25"><span class='ocrx_word' id='word_1_12' title='bbox 267 577 417 666; x_wconf 76' lang='grc' dir='ltr'>ὑπερεῖδε</span> <span class='ocrx_word' id='word_1_13' title='bbox 449 578 487 645; x_wconf 86' lang='grc' dir='ltr'>τό</span> <span class='ocrx_word' id='word_1_14' title='bbox 522 575 565 644; x_wconf 80' lang='grc' dir='ltr'>δι’</span> <span class='ocrx_word' id='word_1_15' title='bbox 608 581 676 667; x_wconf 76' lang='grc' dir='ltr'>ἐμὲ.</span> <span class='ocrx_word' id='word_1_16' title='bbox 713 600 794 664; x_wconf 88' lang='lat' dir='ltr'>quae</span> <span class='ocrx_word' id='word_1_17' title='bbox 828 581 856 646; x_wconf 87' lang='lat' dir='ltr'>si</span> <span class='ocrx_word' id='word_1_18' title='bbox 889 580 1017 646; x_wconf 88' lang='lat' dir='ltr'>brevius</span> <span class='ocrx_word' id='word_1_19' title='bbox 1051 584 1157 647; x_wconf 74' lang='lat' dir='ltr'>essent</span> <span class='ocrx_word' id='word_1_20' title='bbox 1190 580 1363 648; x_wconf 73' lang='lat' dir='ltr'>enunoiaia</span> 
     </span>
     <span class='ocr_line' id='line_1_4' title="bbox 267 693 852 776; baseline 0.007 -18"><span class='ocrx_word' id='word_1_21' title='bbox 267 695 369 760; x_wconf 75' lang='lat' dir='ltr'>mulio</span> <span class='ocrx_word' id='word_1_22' title='bbox 393 693 547 776; x_wconf 86' lang='lat' dir='ltr'>majorem</span> <span class='ocrx_word' id='word_1_23' title='bbox 570 695 635 760; x_wconf 87' lang='lat' dir='ltr'>vim</span> <span class='ocrx_word' id='word_1_24' title='bbox 657 695 852 763; x_wconf 79' lang='lat' dir='ltr'><strong>habuissent.</strong></span> 
     </span>
    </p>

    <p class='ocr_par' dir='ltr' id='par_1_3' title="bbox 329 803 1288 892">
     <span class='ocr_line' id='line_1_5' title="bbox 329 803 1288 892; baseline 0 -20"><span class='ocrx_word' id='word_1_25' title='bbox 329 803 677 892; x_wconf 72' lang='grc' dir='ltr'><strong><em>ἐλευθεριώτερον</em></strong></span> <span class='ocrx_word' id='word_1_26' title='bbox 700 814 880 873; x_wconf 80' lang='grc' dir='ltr'><strong><em>κακῶται</em></strong></span> <span class='ocrx_word' id='word_1_27' title='bbox 902 805 1073 873; x_wconf 79' lang='grc' dir='ltr'><strong><em>λε’τιιιιδι</em></strong></span> <span class='ocrx_word' id='word_1_28' title='bbox 1096 804 1220 872; x_wconf 78' lang='grc' dir='ltr'><strong><em>οὐδὲν</em></strong></span> <span class='ocrx_word' id='word_1_29' title='bbox 1242 807 1288 872; x_wconf 88' lang='grc' dir='ltr'>Χ.</span> 
     </span>
    </p>

    <p class='ocr_par' dir='ltr' id='par_1_4' title="bbox 533 917 1092 987">
     <span class='ocr_line' id='line_1_6' title="bbox 533 917 1092 987; baseline 0.004 -3"><span class='ocrx_word' id='word_1_30' title='bbox 533 925 708 985; x_wconf 83' lang='grc' dir='ltr'><strong><em>κακῶσαι</em></strong></span> <span class='ocrx_word' id='word_1_31' title='bbox 731 919 893 986; x_wconf 80' lang='grc' dir='ltr'><strong><em>λείπετε</em></strong></span> <span class='ocrx_word' id='word_1_32' title='bbox 916 917 1034 986; x_wconf 71' lang='grc' dir='ltr'><strong><em>οὐδέν</em></strong></span> <span class='ocrx_word' id='word_1_33' title='bbox 1057 921 1092 987; x_wconf 82' lang='lat' dir='ltr'>C.</span> 
     </span>
    </p>

    <p class='ocr_par' dir='ltr' id='par_1_5' title="bbox 265 1030 1360 1580">
     <span class='ocr_line' id='line_1_7' title="bbox 331 1030 1359 1120; baseline 0.002 -22"><span class='ocrx_word' id='word_1_34' title='bbox 331 1033 512 1120; x_wconf 76' lang='grc' dir='ltr'><strong><em>ἐλευθέριος</em></strong></span> <span class='ocrx_word' id='word_1_35' title='bbox 524 1034 684 1119; x_wconf 80' lang='lat' dir='ltr'>signifieat</span> <span class='ocrx_word' id='word_1_36' title='bbox 695 1034 848 1114; x_wconf 80' lang='lat' dir='ltr'>liberalis,</span> <span class='ocrx_word' id='word_1_37' title='bbox 868 1030 1050 1118; x_wconf 76' lang='grc' dir='ltr'><strong><em>ἐλεύθερος,</em></strong></span> <span class='ocrx_word' id='word_1_38' title='bbox 1073 1034 1359 1118; x_wconf 72' lang='lat' dir='ltr'>quodmaluiiCo-</span> 
     </span>
     <span class='ocr_line' id='line_1_8' title="bbox 265 1145 1359 1231; baseline 0 -19"><span class='ocrx_word' id='word_1_39' title='bbox 265 1145 368 1226; x_wconf 80' lang='lat' dir='ltr'>betae,</span> <span class='ocrx_word' id='word_1_40' title='bbox 391 1146 482 1226; x_wconf 87' lang='lat' dir='ltr'>liber,</span> <span class='ocrx_word' id='word_1_41' title='bbox 507 1148 610 1213; x_wconf 84' lang='lat' dir='ltr'>etheo</span> <span class='ocrx_word' id='word_1_42' title='bbox 633 1151 665 1213; x_wconf 83' lang='lat' dir='ltr'>et</span> <span class='ocrx_word' id='word_1_43' title='bbox 688 1148 769 1212; x_wconf 89' lang='lat' dir='ltr'>illud</span> <span class='ocrx_word' id='word_1_44' title='bbox 789 1148 929 1213; x_wconf 84' lang='lat' dir='ltr'>alienum</span> <span class='ocrx_word' id='word_1_45' title='bbox 941 1150 981 1213; x_wconf 86' lang='lat' dir='ltr'>ab</span> <span class='ocrx_word' id='word_1_46' title='bbox 992 1147 1024 1212; x_wconf 89' lang='lat' dir='ltr'>h.</span> <span class='ocrx_word' id='word_1_47' title='bbox 1036 1149 1125 1213; x_wconf 86' lang='lat' dir='ltr'>looo.¹</span> <span class='ocrx_word' id='word_1_48' title='bbox 1141 1147 1246 1231; x_wconf 83' lang='lat' dir='ltr'>Atque</span> <span class='ocrx_word' id='word_1_49' title='bbox 1257 1148 1359 1214; x_wconf 81' lang='lat' dir='ltr'>offen-</span> 
     </span>
     <span class='ocr_line' id='line_1_9' title="bbox 267 1260 1360 1343; baseline 0 -18"><span class='ocrx_word' id='word_1_50' title='bbox 267 1260 348 1325; x_wconf 87' lang='lat' dir='ltr'>sioni</span> <span class='ocrx_word' id='word_1_51' title='bbox 371 1265 420 1326; x_wconf 78' lang='lat' dir='ltr'>est</span> <span class='ocrx_word' id='word_1_52' title='bbox 443 1262 540 1326; x_wconf 83' lang='lat' dir='ltr'>etiam</span> <span class='ocrx_word' id='word_1_53' title='bbox 563 1279 667 1341; x_wconf 77' lang='lat' dir='ltr'>naeus,</span> <span class='ocrx_word' id='word_1_54' title='bbox 692 1264 896 1343; x_wconf 78' lang='lat' dir='ltr'>expectamus</span> <span class='ocrx_word' id='word_1_55' title='bbox 919 1279 1001 1326; x_wconf 91' lang='lat' dir='ltr'>nom.</span> <span class='ocrx_word' id='word_1_56' title='bbox 1024 1262 1107 1342; x_wconf 89' lang='lat' dir='ltr'>plur.</span> <span class='ocrx_word' id='word_1_57' title='bbox 1130 1265 1166 1326; x_wconf 80' lang='lat' dir='ltr'>ut</span> <span class='ocrx_word' id='word_1_58' title='bbox 1188 1261 1360 1326; x_wconf 76' lang='lat' dir='ltr'>cohaereat</span> 
     </span>
     <span class='ocr_line' id='line_1_10' title="bbox 267 1371 1359 1457; baseline -0.002 -19"><span class='ocrx_word' id='word_1_59' title='bbox 267 1392 339 1438; x_wconf 91' lang='lat' dir='ltr'>oum</span> <span class='ocrx_word' id='word_1_60' title='bbox 361 1374 456 1439; x_wconf 85' lang='lat' dir='ltr'>uerbo</span> <span class='ocrx_word' id='word_1_61' title='bbox 479 1371 614 1451; x_wconf 77' lang='grc' dir='ltr'>λείπετε,</span> <span class='ocrx_word' id='word_1_62' title='bbox 649 1375 817 1440; x_wconf 79' lang='lat' dir='ltr'><strong>scribimus</strong></span> <span class='ocrx_word' id='word_1_63' title='bbox 847 1374 931 1438; x_wconf 91' lang='lat' dir='ltr'>enim</span> <span class='ocrx_word' id='word_1_64' title='bbox 962 1393 1035 1438; x_wconf 88' lang='lat' dir='ltr'>oum</span> <span class='ocrx_word' id='word_1_65' title='bbox 1058 1373 1203 1440; x_wconf 84' lang='lat' dir='ltr'>Soheibio</span> <span class='ocrx_word' id='word_1_66' title='bbox 1225 1398 1270 1457; x_wconf 84' lang='grc' dir='ltr'>με</span> <span class='ocrx_word' id='word_1_67' title='bbox 1297 1398 1359 1437; x_wconf 89' lang='grc' dir='ltr'>κα-</span> 
     </span>
     <span class='ocr_line' id='line_1_11' title="bbox 265 1482 1231 1580; baseline 0.003 -32"><span class='ocrx_word' id='word_1_68' title='bbox 265 1491 365 1552; x_wconf 79' lang='grc' dir='ltr'><strong><em>κῶσαι</em></strong></span> <span class='ocrx_word' id='word_1_69' title='bbox 388 1485 511 1551; x_wconf 80' lang='grc' dir='ltr'><strong><em>λείπετε</em></strong></span> <span class='ocrx_word' id='word_1_70' title='bbox 533 1483 598 1570; x_wconf 72' lang='grc' dir='ltr'>ἤδη</span> <span class='ocrx_word' id='word_1_71' title='bbox 624 1483 729 1551; x_wconf 75' lang='grc' dir='ltr'><strong><em>οὐδέν.</em></strong></span> <span class='ocrx_word' id='word_1_72' title='bbox 778 1487 944 1580; x_wconf 23' lang='lat' dir='ltr'>Fortassis,</span> <span class='ocrx_word' id='word_1_73' title='bbox 963 1482 1231 1572; x_wconf 77' lang='grc' dir='ltr'><strong><em>ἐλευθεριώτεροι.</em></strong></span> 
     </span>
    </p>

    <p class='ocr_par' dir='ltr' id='par_1_6' title="bbox 246 1600 1358 3047">
     <span class='ocr_line' id='line_1_12' title="bbox 330 1600 1356 1684; baseline 0.002 -20"><span class='ocrx_word' id='word_1_74' title='bbox 330 1600 479 1665; x_wconf 81' lang='lat' dir='ltr'>Extrema</span> <span class='ocrx_word' id='word_1_75' title='bbox 491 1600 643 1667; x_wconf 83' lang='lat' dir='ltr'>orationis</span> <span class='ocrx_word' id='word_1_76' title='bbox 661 1619 734 1683; x_wconf 85' lang='lat' dir='ltr'>pars</span> <span class='ocrx_word' id='word_1_77' title='bbox 748 1601 946 1684; x_wconf 86' lang='lat' dir='ltr'>gravioribus</span> <span class='ocrx_word' id='word_1_78' title='bbox 966 1600 1053 1666; x_wconf 76' lang='lat' dir='ltr'>vitiis</span> <span class='ocrx_word' id='word_1_79' title='bbox 1072 1603 1168 1666; x_wconf 82' lang='lat' dir='ltr'>earet.</span> <span class='ocrx_word' id='word_1_80' title='bbox 1201 1600 1356 1667; x_wconf 71' lang='lat' dir='ltr'>Attamen</span> 
     </span>
     <span class='ocr_line' id='line_1_13' title="bbox 265 1691 1357 1796; baseline 0.003 -17"><span class='ocrx_word' id='word_1_81' title='bbox 265 1712 338 1794; x_wconf 72' lang='lat'>§17</span> <span class='ocrx_word' id='word_1_82' title='bbox 358 1732 393 1779; x_wconf 87' lang='lat' dir='ltr'>ex</span> <span class='ocrx_word' id='word_1_83' title='bbox 412 1714 534 1779; x_wconf 83' lang='lat' dir='ltr'>Reiskii</span> <span class='ocrx_word' id='word_1_84' title='bbox 557 1691 740 1796; x_wconf 47' lang='lat' dir='ltr'>eonjeot&#39;ura</span> <span class='ocrx_word' id='word_1_85' title='bbox 764 1714 917 1781; x_wconf 79' lang='lat' dir='ltr'>editiones</span> <span class='ocrx_word' id='word_1_86' title='bbox 940 1714 1130 1780; x_wconf 84' lang='lat' dir='ltr'>novissimae</span> <span class='ocrx_word' id='word_1_87' title='bbox 1154 1714 1357 1782; x_wconf 80' lang='lat' dir='ltr'>inseruerunt</span> 
     </span>
     <span class='ocr_line' id='line_1_14' title="bbox 265 1820 1358 1911; baseline 0.003 -22"><span class='ocrx_word' id='word_1_88' title='bbox 265 1823 323 1889; x_wconf 82' lang='grc' dir='ltr'>οὐκ</span> <span class='ocrx_word' id='word_1_89' title='bbox 346 1830 418 1892; x_wconf 83' lang='lat' dir='ltr'>ante</span> <span class='ocrx_word' id='word_1_90' title='bbox 441 1827 574 1893; x_wconf 82' lang='lat' dir='ltr'>verbnm</span> <span class='ocrx_word' id='word_1_91' title='bbox 596 1822 836 1911; x_wconf 76' lang='grc' dir='ltr'><strong><em>ἐφυλαττόμην,</em></strong></span> <span class='ocrx_word' id='word_1_92' title='bbox 869 1830 964 1910; x_wconf 78' lang='lat' dir='ltr'>atque</span> <span class='ocrx_word' id='word_1_93' title='bbox 994 1823 1062 1890; x_wconf 83' lang='grc' dir='ltr'><strong><em>ἀλλ’</em></strong></span> <span class='ocrx_word' id='word_1_94' title='bbox 1096 1830 1170 1892; x_wconf 74' lang='lat' dir='ltr'>ante</span> <span class='ocrx_word' id='word_1_95' title='bbox 1195 1823 1237 1900; x_wconf 80' lang='grc' dir='ltr'>ὡς</span> <span class='ocrx_word' id='word_1_96' title='bbox 1266 1820 1358 1892; x_wconf 78' lang='grc' dir='ltr'><strong><em>εὖνοι</em></strong></span> 
     </span>
     <span class='ocr_line' id='line_1_15' title="bbox 264 1935 1356 2024; baseline 0.004 -22"><span class='ocrx_word' id='word_1_97' title='bbox 264 1935 365 2014; x_wconf 84' lang='grc' dir='ltr'><strong><em>ὄντες.</em></strong></span> <span class='ocrx_word' id='word_1_98' title='bbox 411 1941 459 2005; x_wconf 90' lang='lat' dir='ltr'>De</span> <span class='ocrx_word' id='word_1_99' title='bbox 482 1940 577 2006; x_wconf 88' lang='lat' dir='ltr'>verbo</span> <span class='ocrx_word' id='word_1_100' title='bbox 600 1935 802 2023; x_wconf 78' lang='grc' dir='ltr'><strong><em>ποθὴσομαι</em></strong></span> <span class='ocrx_word' id='word_1_101' title='bbox 829 1944 975 2022; x_wconf 83' lang='lat' dir='ltr'>suspecto</span> <span class='ocrx_word' id='word_1_102' title='bbox 1003 1940 1180 2024; x_wconf 85' lang='lat' dir='ltr'>(Bekkerns</span> <span class='ocrx_word' id='word_1_103' title='bbox 1204 1941 1259 2006; x_wconf 81' lang='lat' dir='ltr'>dat</span> <span class='ocrx_word' id='word_1_104' title='bbox 1282 1959 1356 2006; x_wconf 88' lang='lat' dir='ltr'>enm</span> 
     </span>
     <span class='ocr_line' id='line_1_16' title="bbox 265 2052 1355 2139; baseline 0 -20"><span class='ocrx_word' id='word_1_105' title='bbox 265 2055 333 2120; x_wconf 90' lang='lat' dir='ltr'>ood.</span> <span class='ocrx_word' id='word_1_106' title='bbox 352 2073 408 2120; x_wconf 87' lang='lat' dir='ltr'>sno</span> <span class='ocrx_word' id='word_1_107' title='bbox 425 2052 634 2139; x_wconf 77' lang='grc' dir='ltr'><strong><em>ποθέσομαι)</em></strong></span> <span class='ocrx_word' id='word_1_108' title='bbox 657 2054 764 2119; x_wconf 88' lang='lat' dir='ltr'>neseio</span> <span class='ocrx_word' id='word_1_109' title='bbox 788 2053 984 2120; x_wconf 82' lang='lat' dir='ltr'>anPertnius</span> <span class='ocrx_word' id='word_1_110' title='bbox 1006 2055 1099 2136; x_wconf 84' lang='lat' dir='ltr'>plura</span> <span class='ocrx_word' id='word_1_111' title='bbox 1122 2054 1237 2120; x_wconf 79' lang='lat' dir='ltr'>viderit</span> <span class='ocrx_word' id='word_1_112' title='bbox 1258 2073 1355 2138; x_wconf 92' lang='lat' dir='ltr'>quam</span> 
     </span>
     <span class='ocr_line' id='line_1_17' title="bbox 246 2164 1354 2253; baseline -0.001 -21"><span class='ocrx_word' id='word_1_113' title='bbox 246 2169 364 2248; x_wconf 77' lang='lat' dir='ltr'>oratio</span> <span class='ocrx_word' id='word_1_114' title='bbox 395 2167 529 2252; x_wconf 80' lang='lat' dir='ltr'>flagitat.</span> <span class='ocrx_word' id='word_1_115' title='bbox 574 2167 658 2233; x_wconf 83' lang='lat' dir='ltr'>Satis</span> <span class='ocrx_word' id='word_1_116' title='bbox 686 2168 808 2250; x_wconf 85' lang='lat' dir='ltr'>puerile</span> <span class='ocrx_word' id='word_1_117' title='bbox 839 2171 888 2233; x_wconf 80' lang='lat' dir='ltr'>est</span> <span class='ocrx_word' id='word_1_118' title='bbox 918 2166 1001 2250; x_wconf 88' lang='lat' dir='ltr'>qnod</span> <span class='ocrx_word' id='word_1_119' title='bbox 1032 2167 1176 2249; x_wconf 73' lang='lat' dir='ltr'>sequitur</span> <span class='ocrx_word' id='word_1_120' title='bbox 1203 2167 1224 2253; x_wconf 64' lang='grc' dir='ltr'>ξ</span> <span class='ocrx_word' id='word_1_121' title='bbox 1248 2169 1288 2234; x_wconf 87' lang='grc'>19</span> <span class='ocrx_word' id='word_1_122' title='bbox 1315 2164 1354 2232; x_wconf 83' lang='grc' dir='ltr'><strong><em>τὰ</em></strong></span> 
     </span>
     <span class='ocr_line' id='line_1_18' title="bbox 266 2275 1353 2367; baseline 0 -22"><span class='ocrx_word' id='word_1_123' title='bbox 266 2275 326 2346; x_wconf 74' lang='grc' dir='ltr'>οἷν</span> <span class='ocrx_word' id='word_1_124' title='bbox 353 2277 435 2367; x_wconf 79' lang='grc' dir='ltr'><strong><em>ἐμὸν</em></strong></span> <span class='ocrx_word' id='word_1_125' title='bbox 465 2278 522 2346; x_wconf 83' lang='grc' dir='ltr'>οὐκ</span> <span class='ocrx_word' id='word_1_126' title='bbox 550 2277 707 2366; x_wconf 73' lang='grc' dir='ltr'><strong><em>ἐμποδῶν</em></strong></span> <span class='ocrx_word' id='word_1_127' title='bbox 736 2279 817 2367; x_wconf 75' lang='grc' dir='ltr'><strong><em>ὑμῖν</em></strong></span> <span class='ocrx_word' id='word_1_128' title='bbox 846 2278 947 2347; x_wconf 78' lang='grc' dir='ltr'><strong><em>ἐὀτοιι.</em></strong></span> <span class='ocrx_word' id='word_1_129' title='bbox 993 2283 1198 2366; x_wconf 73' lang='lat' dir='ltr'>Peragrapho</span> <span class='ocrx_word' id='word_1_130' title='bbox 1227 2286 1353 2348; x_wconf 72' lang='lat' dir='ltr'>anteea-</span> 
     </span>
     <span class='ocr_line' id='line_1_19' title="bbox 265 2395 1354 2478; baseline -0.004 -17"><span class='ocrx_word' id='word_1_131' title='bbox 265 2395 541 2462; x_wconf 82' lang='lat' dir='ltr'>dentiSohoellius</span> <span class='ocrx_word' id='word_1_132' title='bbox 564 2396 679 2462; x_wconf 77' lang='lat' dir='ltr'>iterum</span> <span class='ocrx_word' id='word_1_133' title='bbox 691 2397 790 2462; x_wconf 85' lang='lat' dir='ltr'>aliam</span> <span class='ocrx_word' id='word_1_134' title='bbox 812 2397 983 2463; x_wconf 71' lang='lat' dir='ltr'>laesionem</span> <span class='ocrx_word' id='word_1_135' title='bbox 995 2397 1063 2462; x_wconf 85' lang='lat' dir='ltr'>eod.</span> <span class='ocrx_word' id='word_1_136' title='bbox 1082 2397 1138 2462; x_wconf 82' lang='lat' dir='ltr'>dat</span> <span class='ocrx_word' id='word_1_137' title='bbox 1158 2400 1251 2478; x_wconf 81' lang='lat' dir='ltr'>etque</span> <span class='ocrx_word' id='word_1_138' title='bbox 1263 2395 1354 2477; x_wconf 85' lang='lat' dir='ltr'>Kay-</span> 
     </span>
     <span class='ocr_line' id='line_1_20' title="bbox 265 2504 1355 2596; baseline -0.006 -22"><span class='ocrx_word' id='word_1_139' title='bbox 265 2528 353 2575; x_wconf 87' lang='lat' dir='ltr'>serns</span> <span class='ocrx_word' id='word_1_140' title='bbox 387 2513 420 2574; x_wconf 83' lang='lat' dir='ltr'>et</span> <span class='ocrx_word' id='word_1_141' title='bbox 453 2510 667 2596; x_wconf 86' lang='lat' dir='ltr'>Lamprosius‚</span> <span class='ocrx_word' id='word_1_142' title='bbox 701 2528 775 2576; x_wconf 88' lang='lat' dir='ltr'>nam</span> <span class='ocrx_word' id='word_1_143' title='bbox 808 2510 886 2574; x_wconf 86' lang='lat' dir='ltr'>haee</span> <span class='ocrx_word' id='word_1_144' title='bbox 919 2508 1016 2574; x_wconf 82' lang='lat' dir='ltr'>hebet</span> <span class='ocrx_word' id='word_1_145' title='bbox 1050 2511 1118 2576; x_wconf 88' lang='lat' dir='ltr'>ood.</span> <span class='ocrx_word' id='word_1_146' title='bbox 1147 2504 1355 2579; x_wconf 74' lang='grc' dir='ltr'><strong><em>ἀντιδίκοιςι</em></strong></span> 
     </span>
     <span class='ocr_line' id='line_1_21' title="bbox 264 2620 1355 2707; baseline 0 -23"><span class='ocrx_word' id='word_1_147' title='bbox 264 2633 466 2707; x_wconf 75' lang='grc' dir='ltr'><strong><em>μαρτυρεῖτε,</em></strong></span> <span class='ocrx_word' id='word_1_148' title='bbox 500 2626 595 2705; x_wconf 79' lang='lat' dir='ltr'>atque</span> <span class='ocrx_word' id='word_1_149' title='bbox 618 2626 749 2706; x_wconf 80' lang='lat' dir='ltr'>uterque</span> <span class='ocrx_word' id='word_1_150' title='bbox 772 2622 857 2688; x_wconf 90' lang='lat' dir='ltr'>idem</span> <span class='ocrx_word' id='word_1_151' title='bbox 880 2621 1019 2688; x_wconf 88' lang='lat' dir='ltr'>seribere</span> <span class='ocrx_word' id='word_1_152' title='bbox 1042 2623 1121 2700; x_wconf 82' lang='lat' dir='ltr'>vult,</span> <span class='ocrx_word' id='word_1_153' title='bbox 1152 2621 1241 2686; x_wconf 81' lang='lat' dir='ltr'>addit</span> <span class='ocrx_word' id='word_1_154' title='bbox 1269 2620 1355 2685; x_wconf 88' lang='lat' dir='ltr'>enim</span> 
     </span>
     <span class='ocr_line' id='line_1_22' title="bbox 265 2733 1353 2815; baseline -0.005 -14"><span class='ocrx_word' id='word_1_155' title='bbox 265 2735 457 2802; x_wconf 86' lang='lat' dir='ltr'>Sohoollins:</span> <span class='ocrx_word' id='word_1_156' title='bbox 481 2736 537 2802; x_wconf 89' lang='lat' dir='ltr'>das</span> <span class='ocrx_word' id='word_1_157' title='bbox 559 2736 715 2802; x_wconf 71' lang='lat' dir='ltr'>Hakohen</span> <span class='ocrx_word' id='word_1_158' title='bbox 738 2736 842 2802; x_wconf 89' lang='lat' dir='ltr'>sioher</span> <span class='ocrx_word' id='word_1_159' title='bbox 863 2735 938 2800; x_wconf 82' lang='lat' dir='ltr'>kein</span> <span class='ocrx_word' id='word_1_160' title='bbox 962 2759 987 2815; x_wconf 89' lang='grc' dir='ltr'>ε,</span> <span class='ocrx_word' id='word_1_161' title='bbox 1012 2738 1087 2800; x_wconf 86' lang='lat' dir='ltr'>eher</span> <span class='ocrx_word' id='word_1_162' title='bbox 1108 2733 1178 2797; x_wconf 91' lang='lat' dir='ltr'>eine</span> <span class='ocrx_word' id='word_1_163' title='bbox 1202 2733 1353 2798; x_wconf 81' lang='lat' dir='ltr'>misouer-</span> 
     </span>
     <span class='ocr_line' id='line_1_23' title="bbox 265 2845 1354 2931; baseline -0.004 -17"><span class='ocrx_word' id='word_1_164' title='bbox 265 2851 416 2916; x_wconf 75' lang='lat' dir='ltr'>standeno</span> <span class='ocrx_word' id='word_1_165' title='bbox 429 2849 643 2914; x_wconf 81' lang='lat' dir='ltr'>Abbreviatur</span> <span class='ocrx_word' id='word_1_166' title='bbox 666 2851 720 2915; x_wconf 86' lang='lat' dir='ltr'>des</span> <span class='ocrx_word' id='word_1_167' title='bbox 734 2851 983 2931; x_wconf 82' lang='lat' dir='ltr'>ausgelassenen</span> <span class='ocrx_word' id='word_1_168' title='bbox 996 2845 1058 2924; x_wconf 77' lang='grc' dir='ltr'><strong><em>κατ’,</em></strong></span> <span class='ocrx_word' id='word_1_169' title='bbox 1083 2846 1190 2929; x_wconf 83' lang='lat' dir='ltr'>itaque</span> <span class='ocrx_word' id='word_1_170' title='bbox 1213 2865 1253 2912; x_wconf 93' lang='lat' dir='ltr'>ne</span> <span class='ocrx_word' id='word_1_171' title='bbox 1275 2845 1354 2910; x_wconf 86' lang='lat' dir='ltr'>haee</span> 
     </span>
     <span class='ocr_line' id='line_1_24' title="bbox 264 2963 806 3047; baseline 0.002 -19"><span class='ocrx_word' id='word_1_172' title='bbox 264 2963 393 3046; x_wconf 90' lang='lat' dir='ltr'>quidem</span> <span class='ocrx_word' id='word_1_173' title='bbox 415 2963 523 3047; x_wconf 86' lang='lat' dir='ltr'>magui</span> <span class='ocrx_word' id='word_1_174' title='bbox 545 2965 621 3028; x_wconf 82' lang='lat' dir='ltr'>sunt</span> <span class='ocrx_word' id='word_1_175' title='bbox 642 2963 806 3029; x_wconf 75' lang='lat' dir='ltr'>momenti.</span> 
     </span>
    </p>

    <p class='ocr_par' dir='ltr' id='par_1_7' title="bbox 264 3069 1353 3274">
     <span class='ocr_line' id='line_1_25' title="bbox 351 3069 1353 3159; baseline -0.006 -19"><span class='ocrx_word' id='word_1_176' title='bbox 351 3077 465 3142; x_wconf 79' lang='lat' dir='ltr'>Restat</span> <span class='ocrx_word' id='word_1_177' title='bbox 487 3076 577 3142; x_wconf 89' lang='lat' dir='ltr'>loeus</span> <span class='ocrx_word' id='word_1_178' title='bbox 601 3075 867 3159; x_wconf 80' lang='lat' dir='ltr'>corruptissimus,</span> <span class='ocrx_word' id='word_1_179' title='bbox 890 3093 966 3140; x_wconf 89' lang='lat' dir='ltr'>nam</span> <span class='ocrx_word' id='word_1_180' title='bbox 989 3075 1027 3140; x_wconf 86' lang='lat' dir='ltr'>do</span> <span class='ocrx_word' id='word_1_181' title='bbox 1050 3078 1179 3158; x_wconf 73' lang='grc' dir='ltr'><strong><em>πρῶτον</em></strong></span> <span class='ocrx_word' id='word_1_182' title='bbox 1202 3069 1297 3157; x_wconf 68' lang='grc' dir='ltr'>ίιιένξ</span> <span class='ocrx_word' id='word_1_183' title='bbox 1313 3069 1353 3136; x_wconf 88' lang='grc'>19</span> 
     </span>
     <span class='ocr_line' id='line_1_26' title="bbox 264 3189 710 3274; baseline 0 -18"><span class='ocrx_word' id='word_1_184' title='bbox 264 3208 359 3274; x_wconf 87' lang='lat' dir='ltr'>snpra</span> <span class='ocrx_word' id='word_1_185' title='bbox 378 3189 446 3273; x_wconf 78' lang='lat' dir='ltr'>J&#39;am</span> <span class='ocrx_word' id='word_1_186' title='bbox 470 3189 710 3274; x_wconf 81' lang='lat' dir='ltr'>disputavimus.</span> 
     </span>
    </p>

    <p class='ocr_par' dir='ltr' id='par_1_8' title="bbox 664 3298 956 3375">
     <span class='ocr_line' id='line_1_27' title="bbox 664 3298 956 3375; baseline -0.007 -7"><span class='ocrx_word' id='word_1_187' title='bbox 664 3299 807 3375; x_wconf 75' lang='grc' dir='ltr'><strong><em>εὔνους</em></strong></span> <span class='ocrx_word' id='word_1_188' title='bbox 830 3298 956 3375; x_wconf 78' lang='grc' dir='ltr'><strong><em>ὄντες.</em></strong></span> 
     </span>
    </p>
   </div>
   <div class='ocr_carea' id='block_1_3' title="bbox 263 3407 1354 4182">
    <p class='ocr_par' dir='ltr' id='par_1_9' title="bbox 263 3407 1354 4182">
     <span class='ocr_line' id='line_1_28' title="bbox 350 3407 1354 3502; baseline -0.011 -17"><span class='ocrx_word' id='word_1_189' title='bbox 350 3416 525 3498; x_wconf 78' lang='lat' dir='ltr'>BekkenuS,</span> <span class='ocrx_word' id='word_1_190' title='bbox 555 3437 649 3502; x_wconf 90' lang='lat' dir='ltr'>quem</span> <span class='ocrx_word' id='word_1_191' title='bbox 673 3415 812 3500; x_wconf 87' lang='lat' dir='ltr'>plurimi,</span> <span class='ocrx_word' id='word_1_192' title='bbox 836 3417 965 3497; x_wconf 78' lang='lat' dir='ltr'>excepto</span> <span class='ocrx_word' id='word_1_193' title='bbox 988 3432 1050 3479; x_wconf 90' lang='lat' dir='ltr'>nno</span> <span class='ocrx_word' id='word_1_194' title='bbox 1074 3411 1230 3490; x_wconf 82' lang='lat' dir='ltr'>Scheibio,</span> <span class='ocrx_word' id='word_1_195' title='bbox 1253 3407 1354 3476; x_wconf 76' lang='lat' dir='ltr'>secuti</span> 
     </span>
     <span class='ocr_line' id='line_1_29' title="bbox 264 3523 1353 3611; baseline -0.011 -13"><span class='ocrx_word' id='word_1_196' title='bbox 264 3536 348 3611; x_wconf 83' lang='lat' dir='ltr'>sunt,</span> <span class='ocrx_word' id='word_1_197' title='bbox 372 3532 552 3598; x_wconf 81' lang='lat' dir='ltr'>emendavit</span> <span class='ocrx_word' id='word_1_198' title='bbox 579 3524 668 3596; x_wconf 79' lang='grc' dir='ltr'><strong><em>εὖνοι</em></strong></span> <span class='ocrx_word' id='word_1_199' title='bbox 690 3526 806 3603; x_wconf 64' lang='grc' dir='ltr'>ὄντες.Δ</span> <span class='ocrx_word' id='word_1_200' title='bbox 840 3527 1006 3594; x_wconf 86' lang='lat' dir='ltr'>Seheibius</span> <span class='ocrx_word' id='word_1_201' title='bbox 1033 3528 1160 3591; x_wconf 76' lang='lat' dir='ltr'>auotore</span> <span class='ocrx_word' id='word_1_202' title='bbox 1182 3523 1353 3590; x_wconf 88' lang='lat' dir='ltr'>Benselero</span> 
     </span>
     <span class='ocr_line' id='line_1_30' title="bbox 263 3635 1353 3729; baseline -0.009 -19"><span class='ocrx_word' id='word_1_203' title='bbox 263 3644 316 3729; x_wconf 85' lang='lat' dir='ltr'>(de</span> <span class='ocrx_word' id='word_1_204' title='bbox 339 3645 429 3710; x_wconf 80' lang='lat' dir='ltr'>hiatu</span> <span class='ocrx_word' id='word_1_205' title='bbox 450 3665 481 3727; x_wconf 85' lang='lat' dir='ltr'>p.</span> <span class='ocrx_word' id='word_1_206' title='bbox 508 3643 583 3721; x_wconf 88' lang='lat'>183)</span> <span class='ocrx_word' id='word_1_207' title='bbox 608 3644 695 3710; x_wconf 77' lang='lat' dir='ltr'>dedit</span> <span class='ocrx_word' id='word_1_208' title='bbox 718 3639 919 3718; x_wconf 75' lang='grc' dir='ltr'><strong><em>εὐνοοῦντες,</em></strong></span> <span class='ocrx_word' id='word_1_209' title='bbox 945 3659 1041 3724; x_wconf 84' lang='lat' dir='ltr'>qnam</span> <span class='ocrx_word' id='word_1_210' title='bbox 1064 3640 1199 3714; x_wconf 76' lang='lat' dir='ltr'>formam</span> <span class='ocrx_word' id='word_1_211' title='bbox 1216 3635 1353 3703; x_wconf 78' lang='lat' dir='ltr'>Cobetus</span> 
     </span>
     <span class='ocr_line' id='line_1_31' title="bbox 265 3752 1354 3839; baseline -0.009 -15"><span class='ocrx_word' id='word_1_212' title='bbox 265 3758 424 3825; x_wconf 74' lang='lat' dir='ltr'>oonstauti</span> <span class='ocrx_word' id='word_1_213' title='bbox 446 3757 588 3824; x_wconf 92' lang='lat' dir='ltr'>omnium</span> <span class='ocrx_word' id='word_1_214' title='bbox 611 3758 709 3823; x_wconf 78' lang='lat' dir='ltr'>attiae</span> <span class='ocrx_word' id='word_1_215' title='bbox 731 3755 931 3839; x_wconf 80' lang='lat' dir='ltr'>loquentium</span> <span class='ocrx_word' id='word_1_216' title='bbox 953 3753 1026 3820; x_wconf 89' lang='lat' dir='ltr'>nsni</span> <span class='ocrx_word' id='word_1_217' title='bbox 1047 3769 1224 3836; x_wconf 86' lang='lat' dir='ltr'>repugnare</span> <span class='ocrx_word' id='word_1_218' title='bbox 1247 3752 1354 3817; x_wconf 82' lang='lat' dir='ltr'>osten-</span> 
     </span>
     <span class='ocr_line' id='line_1_32' title="bbox 266 3864 1353 3954; baseline -0.007 -18"><span class='ocrx_word' id='word_1_219' title='bbox 266 3871 321 3949; x_wconf 80' lang='lat' dir='ltr'>uit,</span> <span class='ocrx_word' id='word_1_220' title='bbox 351 3889 447 3953; x_wconf 86' lang='lat' dir='ltr'>quare</span> <span class='ocrx_word' id='word_1_221' title='bbox 479 3869 734 3954; x_wconf 72' lang='lat' dir='ltr'>etX111.§13</span> <span class='ocrx_word' id='word_1_222' title='bbox 764 3872 797 3934; x_wconf 80' lang='lat' dir='ltr'>et</span> <span class='ocrx_word' id='word_1_223' title='bbox 818 3867 935 3934; x_wconf 91' lang='lat' dir='ltr'>XXIX.</span> <span class='ocrx_word' id='word_1_224' title='bbox 967 3866 985 3948; x_wconf 64' lang='grc' dir='ltr'>ἐ</span> <span class='ocrx_word' id='word_1_225' title='bbox 1012 3867 1053 3932; x_wconf 90' lang='grc'>10</span> <span class='ocrx_word' id='word_1_226' title='bbox 1081 3866 1170 3932; x_wconf 86' lang='lat' dir='ltr'>oodd.</span> <span class='ocrx_word' id='word_1_227' title='bbox 1201 3864 1353 3930; x_wconf 79' lang='lat' dir='ltr'>lectiones</span> 
     </span>
     <span class='ocr_line' id='line_1_33' title="bbox 264 3974 1354 4065; baseline -0.006 -18"><span class='ocrx_word' id='word_1_228' title='bbox 264 3989 498 4055; x_wconf 81' lang='grc' dir='ltr'><strong><em>κακονοοῦντες</em></strong></span> <span class='ocrx_word' id='word_1_229' title='bbox 528 3986 560 4047; x_wconf 77' lang='lat' dir='ltr'>et</span> <span class='ocrx_word' id='word_1_230' title='bbox 582 3979 774 4055; x_wconf 83' lang='grc' dir='ltr'><strong><em>εὐνοοῦντες</em></strong></span> <span class='ocrx_word' id='word_1_231' title='bbox 799 3984 959 4065; x_wconf 82' lang='lat' dir='ltr'>permutat</span> <span class='ocrx_word' id='word_1_232' title='bbox 987 3981 1019 4045; x_wconf 89' lang='lat' dir='ltr'>in</span> <span class='ocrx_word' id='word_1_233' title='bbox 1042 3975 1177 4043; x_wconf 81' lang='grc' dir='ltr'><strong><em>κακόνοι</em></strong></span> <span class='ocrx_word' id='word_1_234' title='bbox 1199 3974 1291 4052; x_wconf 78' lang='grc' dir='ltr'><strong><em>ὄντες</em></strong></span> <span class='ocrx_word' id='word_1_235' title='bbox 1322 3979 1354 4040; x_wconf 76' lang='lat' dir='ltr'>et</span> 
     </span>
     <span class='ocr_line' id='line_1_34' title="bbox 265 4089 1353 4182; baseline -0.006 -22"><span class='ocrx_word' id='word_1_236' title='bbox 265 4089 352 4162; x_wconf 69' lang='grc' dir='ltr'><strong><em>εἶναι</em></strong></span> <span class='ocrx_word' id='word_1_237' title='bbox 399 4092 512 4175; x_wconf 73' lang='grc' dir='ltr'><strong><em>ὅντεις</em></strong></span> <span class='ocrx_word' id='word_1_238' title='bbox 558 4096 709 4182; x_wconf 86' lang='lat' dir='ltr'>inepieiae</span> <span class='ocrx_word' id='word_1_239' title='bbox 748 4114 865 4181; x_wconf 88' lang='lat' dir='ltr'>quaeso</span> <span class='ocrx_word' id='word_1_240' title='bbox 908 4093 1002 4178; x_wconf 79' lang='lat' dir='ltr'>soph.</span> <span class='ocrx_word' id='word_1_241' title='bbox 1044 4092 1178 4180; x_wconf 81' lang='lat' dir='ltr'>Ajacem</span> <span class='ocrx_word' id='word_1_242' title='bbox 1215 4110 1245 4160; x_wconf 85' lang='lat' dir='ltr'>v.</span> <span class='ocrx_word' id='word_1_243' title='bbox 1281 4089 1353 4156; x_wconf 88' lang='grc'>689.</span> 
     </span>
    </p>
   </div>
   <div class='ocr_carea' id='block_1_4' title="bbox 0 0 1504 4732">
    <p class='ocr_par' dir='ltr' id='par_1_10' title="bbox 0 0 1504 4732">
     <span class='ocr_line' id='line_1_35' title="bbox 0 0 1504 4732; baseline 0 1"><span class='ocrx_word' id='word_1_244' title='bbox 0 0 1504 4732; x_wconf 95' lang='lat' dir='ltr'> </span> 
     </span>
    </p>
   </div>
  </div>
 </body>
</html>
