2940 4736
1144 317 1206 412 ,ar

214 492 329 574 εἴπερ
352 489 450 575 ὑμῖν
471 487 599 556 ταύτά
623 490 783 576 λέγοιμι
805 490 894 574 περὶ
918 479 1110 576 ἐμαυτοῦ.

199 602 293 670 Solus
316 604 474 670 KIrohner
504 605 536 669 in
566 605 616 670 his
646 606 751 670 haesit
780 606 899 672 addens
922 609 994 687 post
1016 603 1141 690 λέγοιμι
1165 643 1204 652 -

111 715 196 800 ἅπερ
217 713 323 799 «ὑμεῖς.
369 719 415 783 De
439 717 561 800 ellipsis
584 737 643 782 usu
673 736 767 800 supra
796 719 1013 783 dIsseruImus.
1059 701 1206 784 Ceterum

111 831 150 893 de
173 829 309 896 lectione
332 829 449 897 ood.²G
471 821 576 895 ταύτά
598 831 727 896 meliore
751 850 847 914 quarn
870 832 960 897 codd.
985 831 1025 896 X.
1045 832 1088 896 ·D.
1109 830 1150 896 G.
1169 832 1205 898 Ο.

112 961 174 1007 non
199 936 419 1010 dubitandumz'

271 1062 422 1130 οἵτινες
445 1059 521 1141 μὲν
543 1053 620 1121 ὑπὸ
644 1053 715 1122 τόν
738 1055 864 1122 αὐτὸν
886 1052 1060 1144 χρόνον.’

129 1189 133 1194 ’
199 1170 255 1235 Sic
273 1173 362 1237 codd.
385 1172 547 1237 Belrkerus
569 1172 760 1253 particulam
782 1170 845 1254 μέν
869 1171 958 1236 uncis
980 1170 1111 1236 inclusit
1133 1190 1205 1236 oum

112 1280 147 1345 δὲ
171 1283 306 1350 deficiat.
341 1285 478 1350 Cobetus
499 1286 582 1367 quod
605 1285 841 1370 eleganIIssime
864 1284 908 1368 με’
929 1304 985 1368 pro
1008 1282 1071 1366 μέν
1095 1302 1204 1348 emon-

114 1397 213 1477 davit‚
235 1399 287 1461 rix
311 1400 420 1480 utpote
438 1398 471 1462 in
489 1397 660 1463 subditicIa
678 1399 818 1464 orati0ne
836 1397 1050 1463 necessarium
1069 1393 1204 1463 ridetur.

113 1510 304 1593 Saepissime
329 1511 524 1577 desideratur
546 1502 704 1593 particula
727 1509 773 1589 σε’,
799 1530 879 1594 quae
901 1511 1091 1593 respondeat
1114 1514 1205 1575 ante·

111 1624 236 1688 cadenti
256 1624 331 1708 μέν.
369 1625 426 1690 cfr.
450 1625 489 1689 X.
513 1625 588 1708 §15
610 1621 698 1708 ὑμᾶς
720 1626 784 1706 μὲν
806 1620 935 1696 πάντας
958 1621 1077 1689 οἰάὲνακ
1098 1618 1206 1710 ἡγοῦ-

111 1759 173 1818 μαι
204 1737 253 1802 ὅτι
283 1733 343 1825 ἕνα)
366 1715 480 1821 potua.
506 1762 536 1802 τ.
563 1742 590 1800 λ.
616 1775 659 1785 -
683 1739 755 1804 XII.
779 1739 798 1818 ἓ
821 1736 841 1802 ὃ
865 1729 976 1818 ἐπειδή
1001 1733 1033 1800 ‹l’
1060 1739 1091 1800 ot
1113 1731 1205 1820 τριά-

111 1872 211 1914 κοντα
242 1850 384 1934 πονηροὶ
418 1853 483 1933 μὲν
510 1849 562 1914 καὶ
592 1845 793 1934 συκοφάνται
822 1845 911 1922 ὄντες
939 1850 983 1922 εἰς
1010 1845 1073 1932 τήν
1092 1837 1205 1935 Ιάρχὴν
1230 1882 1234 1892 ·

111 1963 323 2046 κατέστησαν,
349 1959 530 2048 φάσκοντες
546 1968 661 2050 χρῆναι
677 1969 743 2028 τῶν
760 1960 878 2028 ἀδίκων
895 1957 1048 2047 καθαράν
1065 1967 1205 2044 ποιῆσαι

110 2075 172 2156 τήν
201 2072 307 2141 πόλιν.
369 2077 525 2143 slmiliter
557 2076 715 2159 particula
747 2075 810 2158 μὲν
844 2095 954 2142 carens
989 2075 1133 2158 opposito
1168 2072 1204 2138 δέ

112 2190 302 2256 excruciavit
331 2191 467 2256 editores
501 2189 645 2272 Xenoph.
680 2191 777 2257 Mem.
801 2191 826 2256 Ι.
849 2190 880 2254 2.
903 2190 933 2255 2.
978 2185 1047 2251 ἀλλ’
1078 2183 1204 2254 ἔτασσε

110 2304 174 2383 μὲν
199 2298 323 2367 τούτων
351 2299 491 2376 πολλοῦς
512 2326 540 2366 κ.
566 2327 595 2366 τ.
622 2301 664 2378 i„
698 2303 753 2368 ubi
783 2303 955 2370 Schneider
986 2301 1201 2386 conjecturam

112 2416 188 2481 fecit
210 2413 336 2481 ἔπαυσε
357 2412 440 2499 μήν,
473 2416 584 2480 eodem
613 2418 707 2482 rnodo
735 2435 787 2482 res
815 2435 884 2481 sese
912 2414 1010 2481 habet
1032 2415 1082 2479 hle
1105 2413 1204 2480 loclez'

110 2528 258 2595 Dinarch.
282 2527 340 2594 ΙΙΙ.
363 2529 433 2611 5¹),
466 2530 629 2594 Demosth.
643 2531 670 2612 Ξ)
695 2529 824 2613 Olynth.
849 2531 905 2596 III.
930 2529 961 2608 8,
993 2528 1086 2611 Soph.
1118 2528 1202 2593 Phil.

110 2643 172 2706 827
187 2643 223 2726 5),
247 2641 361 2708 Aesch.
386 2642 467 2706 Tim.
494 2641 565 2721 142,
587 2642 643 2707 ubi
665 2643 811 2709 Reiskius
835 2642 973 2726 conjecit
994 2637 1063 2728 lips
1087 2636 1121 2706 δέ
1143 2649 1208 2724 pro'

50 2832 57 2849 ι
110 2755 177 2840 itys
199 2749 272 2840 γάρζ
317 2754 454 2820 Accedit
483 2754 566 2836 quod
597 2756 781 2838 saepissime
810 2756 921 2822 correl.
947 2752 981 2819 δέ
1003 2755 1035 2819 in
1059 2754 1201 2820 oratione

110 2868 307 2953 subauditur,
335 2867 427 2950 cujus
455 2867 501 2932 rei
525 2869 669 2950 exempla
691 2869 811 2934 collate
833 2872 907 2934 sunt
928 2887 947 2933 a
970 2868 1145 2934 Frilnschio
1168 2867 1201 2933 in

110 2981 239 3060 Quaest.
262 2981 338 3046 Luc.
362 3001 391 3062 p.
409 2980 489 3046 ¹112.
534 2982 578 3046 At
608 2985 643 3047 ut
673 2983 838 3049 redeamus
867 2982 950 3046 unde
975 2981 1201 3058 aberravimus,

109 3112 181 3158 oum
205 3093 242 3158 de
266 3095 503 3176 compositionis
526 3100 595 3160 arte
618 3097 770 3161 orellonis
790 3095 867 3160 VIII
889 3095 974 3160 haud
998 3094 1112 3160 eximia
1131 3093 1201 3178 jam

109 3225 203 3289 supra
237 3207 487 3286 dissereremus,
529 3228 565 3272 er
600 3227 704 3273 errore
738 3211 789 3274 vel
824 3208 957 3274 oratoris
990 3207 1042 3272 rel
1076 3207 1200 3272 librarii

108 3319 272 3401 irrepsisse
295 3320 360 3402 μέν
381 3323 530 3404 putamus
554 3338 686 3404 eamque
709 3322 748 3387 ob
772 3341 839 3387 rem
859 3321 1043 3387 delevimus
1088 3321 1200 3403 Itaque

107 3433 154 3496 ita
176 3432 301 3498 scribo:
322 3438 438 3506 οἵτινες
459 3430 526 3498 ὑπὸ
549 3430 609 3499 τὸν
631 3431 732 3498 αὖτόν
753 3429 871 3522 χρόνον
892 3431 952 3499 τὰν
976 3429 1077 3498 αὐτὸν
1094 3429 1199 3518 ἄνδρα

107 3540 217 3628 λάθρα
239 3547 304 3628 μὲν
327 3542 527 3630 ἐλοιδορεῖτε,
553 3553 698 3632 φανερῶς
722 3545 756 3612 δὲ
778 3545 873 3632 φίλον
896 3545 1074 3632 ἐνομίζετε.Δ
1193 3538 1199 3558 ”

326 3653 498 3742 noir-pojo
520 3657 643 3724 cotto
666 3651 788 3734 οὗτος
810 3664 979 3746 ἐξεῦρον.
1101 3671 1106 3710 ’-

195 3768 247 3836 Sio
281 3772 349 3837 cod.
382 3772 450 3836 Pal.
488 3791 524 3836 ex
566 3772 785 3840 observati0ne
825 3774 970 3858 Kayseri.
1011 3775 1123 3840 uerso
1162 3764 1203 3840 ut'

193 4047 215 4116 ¹)
227 4051 368 4193 ldlpetzner
385 4054 487 4121 quaest.
501 4051 549 4108 1.1.
567 4080 601 4090 -
620 4051 639 4120 'I
659 4052 762 4107 Franks
781 4054 912 4124 quaestl.
924 4051 941 4112 1.
957 4083 989 4094 -
1008 4054 1032 4128 ⁸)
1050 4055 1196 4113 Buttmann

106 4137 208 4206 quaest.
239 4178 245 4190 .
273 4179 279 4191 .
1137 4158 1142 4168 ·
