3000 4732
1204 292 1245 366 19

151 467 321 542 delendum
345 470 518 532 censerent.
553 465 731 532 Hoelsoher
747 465 782 548 ¹)‘
795 465 932 532 scribere
944 467 1246 534 maluissevidetur

149 579 304 666 ἐγκαλεῖν,
348 581 431 662 quod
466 578 630 645 Scheibius
665 581 786 663 probat
812 598 905 657 „cum
941 580 1053 663 Lysias
1087 580 1245 662 simplicia

149 691 247 758 verbo
270 693 400 776 eligans.
432 693 486 757 sed
518 693 618 758 oratio
647 711 749 776 neque
774 711 896 766 erusu
919 693 1053 774 Lysiaeo
1084 694 1245 758 metienda

149 809 209 883 est,
244 810 276 870 et
306 804 408 888 ipsam
438 825 505 870 rem
534 805 767 871 Hoelsoherum
790 804 944 874 fefellisse
978 807 1131 889 exemplis
1166 808 1244 872 satis

148 918 260 982 multis
291 937 386 1001 supra
409 920 583 985 docuimus.
630 918 820 999 (revererer)
852 919 1032 984 emendatio
1056 917 1243 984 Hoelseheri

147 1050 212 1096 non
242 1031 359 1097 ichrco
379 1032 595 1115 {improbanda
625 1036 693 1097 erat
723 1032 807 1114 qnod
839 1033 927 1098 deest
957 1031 1157 1096 accusativus
1187 1032 1243 1110 rei,

149 1163 244 1226 quern
274 1143 459 1227 saepissime
484 1146 593 1210 deesse
625 1145 703 1210 satis
733 1148 868 1214 constat.
906 1144 961 1208 ef.
987 1145 1024 1209 V.
1048 1144 1068 1228 ξ
1092 1145 1121 1210 3.
1157 1145 1243 1211 XIX.

141 1257 169 1337 -ἓ
214 1255 267 1324 55.
323 1257 572 1326 Isocrat.,XII.
618 1257 636 1340 ξ
683 1258 754 1322 101.
801 1295 852 1335 -,
909 1257 1114 1340 quamobrem
1160 1258 1242 1322 Her-

146 1370 331 1438 verdeuium
346 1372 372 1454 ³)
395 1371 538 1453 vitupero
561 1374 641 1436 orat.
665 1371 703 1436 V.
726 1372 746 1450 ἕ
765 1370 784 1434 3
808 1371 841 1435 in
865 1374 1048 1436 contextum
1073 1367 1170 1434 οὐδέν
1193 1372 1241 1435 in-

148 1487 325 1549 serentem:
358 1480 584 1556 cousuetudo
607 1478 742 1547 πώποτε
766 1479 961 1547 ἐνεκάλεσεν.
1011 1485 1079 1568 Ego
1110 1484 1242 1548 verbum

145 1597 308 1680 integrum
332 1615 458 1662 servare
481 1596 660 1661 maluerim.
705 1595 775 1660 nusi
799 1597 884 1660 enlm
915 1598 956 1662 sil
981 1597 1083 1662 Iorma
1106 1597 1241 1688 Inusita7
1265 1609 1268 1618 ’

145 1711 282 1789 tissima,
305 1710 473 1793 quaquod
488 1709 586 1774 scIam
610 1712 751 1773 oratores
775 1710 866 1802 attici
889 1728 1061 1790 numquam
1085 1710 1134 1774 usi
1157 1716 1241 1789 sunt,

145 1827 253 1898 tamen
284 1825 412 1907 propter
435 1822 531 1888 verba
554 1823 710 1905 quaedam
733 1822 883 1889 similiter
905 1823 1081 1904 compositu
1112 1843 1239 1905 perrun-

145 1939 213 2000 tare
237 1937 288 2002 vel
311 1935 417 2000 delere
440 1935 554 2019 ncIim;
578 1954 679 2017 neque
704 1936 788 2001 enim
813 1935 1005 2000 constructio
1026 1955 1128 2018 neque
1152 1937 1239 2000 notio

144 2053 219 2114 sunt
253 2048 429 2114 offensioni.
475 2048 530 2113 cfr.
566 2048 707 2131 rl’hueyd.
730 2049 797 2114 IV.
822 2048 863 2112 34
887 2046 1045 2112 ε’κιεκθέω.
1094 2049 1238 2132 Xenoph.

143 2160 229 2227 Heli.
253 2162 307 2227 VI.
332 2164 362 2226 2.
375 2163 437 2228 221.
462 2161 708 2244 ἐπαναστρέφειν.
733 2161 789 2227 IV.
813 2161 841 2226 4.
868 2162 918 2226 17.
943 2161 1127 2247 ἐπεκτρέχειν.
1154 2163 1238 2244 ΙΙκγε.

143 2273 183 2338 Χ.
207 2273 225 2356 ᾗ
249 2276 279 2339 2.
304 2263 499 2352 ἐπεξελθεῖν,
532 2273 665 2339 XXVII.
687 2277 706 2354 ἓ
731 2273 781 2346 15,
805 2269 1109 2360 ἐπαναγιγνώσκειν,
1144 2277 1238 2337 inau—

144 2385 229 2463 θεῖν,
263 2382 451 2474 ἐπανάγειν,
478 2384 685 2474 empcione,
712 2388 885 2473 ἐπεγγελᾶν
910 2390 984 2452 cett.
1031 2387 1126 2453 Notio
1150 2387 1238 2452 verbi

144 2503 329 2586 ἐνιεγκαλεῑν
362 2501 496 2566 iteratur
530 2504 562 2565 et
595 2502 729 2597 augetur
764 2500 944 2583 insequenti
972 2501 1068 2565 verbo
1098 2499 1237 2582 pepon-

145 2605 237 2689 αθαι,
270 2614 353 2696 quod
377 2615 509 2684 eandem
531 2614 663 2695 praebet
686 2613 953 2678 constructionem
984 2613 1236 2695 grammaticam.

144 2725 310 2807 Quaeres
340 2726 535 2792 Hoelsclrero
569 2726 800 2791 dubitationem
834 2726 971 2790 mouisse
1005 2725 1130 2791 videtur
1164 2729 1235 2808 qui:

145 2837 363 2923 ,μέμψασθαι
376 2849 452 2912 ,κοῖς
475 2834 642 2902 ἀδικοῦσιν
665 2857 721 2921 pro
750 2835 827 2910 τούς
851 2833 1043 2910 ἀὸλκούνκας
1073 2839 1123 2902 vir
1153 2841 1236 2922 apud

144 2951 271 3036 Lysiam
295 2952 452 3034 reperias‘.
488 2951 579 3032 Quod
603 2955 638 3016 ut
660 2952 692 3017 in
715 2971 749 3016 re
773 2970 835 3016 non
859 2951 978 3016 forensi
991 2970 1071 3032 nego
1085 2989 1125 2998 ——
1139 2954 1236 3018 ceteri

143 3065 313 3147 scriptores
337 3065 426 3130 attici
449 3067 581 3130 verbum
605 3064 800 3148 μέμφεσθαι
823 3082 896 3128 cum
920 3064 1026 3128 dativo
1051 3064 1235 3146 saepissime

125 3178 351 3261 conjungunt.
392 3176 448 3243 cfr.
472 3176 637 3242 Demosth.
662 3176 748 3242 XIX.
771 3176 823 3241 38.
865 3176 956 3257 Quod
980 3177 1090 3242 eadem
1113 3196 1162 3242 res
1186 3178 1235 3242 bis

141 3290 293 3357 hocloco
317 3291 451 3355 iteratur
474 3290 578 3355 vorbis
602 3293 787 3377 ἕαεγκαλεῖν
819 3293 851 3354 el
873 3289 1068 3373 μέμφεσθαι
1099 3309 1161 3355 non
1186 3296 1234 3358 esu

142 3402 316 3469 offensioni.
362 3402 437 3474 Jam
468 3404 552 3469 enim
575 3403 711 3486 Precor)
738 3405 817 3468 haec
840 3402 955 3485 Lysiae
985 3403 1149 3486 objurgat:
1181 3404 1233 3467 καλ

142 3508 201 3580 οὖν
223 3538 283 3598 μοι
306 3511 394 3588 ἔδοξε
417 3511 466 3588 dig
488 3514 540 3579 κιιλ
563 3515 630 3599 τρὶς
652 3511 693 3580 καὶ
716 3513 799 3580 αὐτὰ
824 3514 983 3598 εἰρηκέναι
1007 3514 1062 3580 of.
1087 3515 1231 3596 1.§§17‚

140 3627 192 3705 25,
222 3628 274 3706 29,
303 3627 420 3697 37..,-
452 3629 540 3694 ΧΙΙΙ.
569 3629 589 3711 ξ
617 3628 669 3694 22.
695 3665 734 3674 -
758 3627 891 3693 XXVII.
923 3627 964 3710 ἐξ
993 3626 1024 3706 5,
1056 3628 1085 3706 λ,
1116 3628 1166 3694 15.
1191 3665 1231 3676 -

79 3719 597 3824 'xmmmmm-

226 3924 248 3994 ¹)
267 3911 415 3978 Hoelscher
432 3923 465 3977 de
483 3924 538 3978 vita
556 3925 583 3978 et
601 3895 814 3993 scriptistsiae
833 3925 897 3976 oret.
910 3941 935 3992 p.
948 3925 989 3978 72.
1002 3951 1029 3959 -
1047 3919 1070 3990 ²)
1090 3921 1230 3976 Govereius

140 4027 231 4066 comm.
251 4011 276 4065 d.
295 4011 358 4080 Lys.
378 4012 495 4081 epItaplr.
514 4015 621 4065 auctore
639 4029 664 4079 p.
686 4013 726 4066 17.
746 4040 778 4046 -
806 4007 829 4078 ⁸)
849 4007 1000 4063 Herrarden
1018 4008 1146 4062 Analecta
1160 4010 1230 4064 crit.

139 4098 172 4151 ad
190 4097 309 4167 Thucyd.
328 4099 391 4167 Itys.
410 4098 559 4167 Ultrajecti
571 4100 647 4154 1868.
668 4127 698 4136 -
717 4097 739 4164 ⁴)
758 4096 836 4151 Plato
854 4096 966 4150 Phaedr.
987 4097 1046 4150 235.
1066 4095 1098 4150 Α.

1021 4181 1056 4238 2*
