2940 4736
1183 292 1226 360 23

131 453 177 526 ὧν
199 461 361 539 ἐναντίον,
387 462 489 528 XVII.
512 463 587 544 §10
612 498 650 509 -
675 469 813 549 ‚corem‘,
837 483 917 548 quae
941 465 1028 530 notio
1052 465 1091 530 ab
1117 469 1226 532 nostro

130 575 201 640 loco
225 575 330 641 atiena
345 579 402 644 est.
437 576 697 659 Exspectavimns
714 574 793 660 παρ’
820 574 933 641 ἐλπίδα
950 579 1085 660 ‚praeter
1109 585 1223 662 spem‘.

11 707 12 716 ¹
131 689 223 768 Quod
235 689 451 754 Franckenius
475 690 598 754 censuIt
620 689 782 766 ἐναντίον,
808 689 978 755 dummodo
1002 696 1104 764 κακῶς
1129 693 1225 758 ornit-

130 803 226 894 tatur,
251 801 326 866 ferri
349 820 441 883 posse
465 803 576 868 durem
600 804 868 868 constructionem
882 822 945 868 non
968 804 1074 869 reddit
1097 806 1225 872 mollio·

130 932 208 980 reru.
260 914 479 999 Gleinigerum
510 915 549 981 ed
582 935 718 982 errorem
750 916 875 982 librarii
904 916 1020 981 iterum
1054 919 1225 1002 confugere

129 1046 195 1093 non
218 1032 266 1093 est
289 1029 415 1094 mirum.
472 1025 476 1032 ⁴
1325 1007 1328 1014 ⁵

203 1143 463 1227 πρῶτονμὲν
489 1135 578 1218 οὖν,
606 1146 671 1204 ἵνα
694 1137 832 1237 μήτις
856 1138 965 1225 ὑμῶν
987 1139 1087 1230 τάχα
1111 1140 1158 1227 δὴ

159 1253 330 1336 βοηθῶν
360 1251 420 1328 οἷς
451 1249 708 1337 ἐξημάρτηκε
737 1249 946 1339 πρόφασιν
977 1255 1198 1341 πορίσηται

517 1373 592 1450 τῆς
616 1364 835 1451 ἁμαρτίας.

218 1480 310 1560 Qurod
331 1486 461 1565 πρώιον
483 1482 545 1564 μὲν
570 1475 628 1544 οὖν
653 1484 739 1546 earet
763 1482 908 1565 sequenti
939 1478 1050 1546 insero
1075 1480 1110 1548 δέ
1132 1490 1168 1549 ut
1190 1484 1224 1550 in

130 1593 272 1658 oratione
295 1613 357 1660 non
381 1598 430 1660 est
453 1593 625 1660 offensioni.
660 1594 716 1658 cfr.
740 1593 797 1659 IX.
820 1594 883 1678 §d
907 1595 995 1661 XIII.
1020 1597 1104 1678 529.
1148 1597 1224 1663 Jern

130 1725 203 1787 uero
227 1709 328 1771 totam
352 1707 520 1773 verborum
543 1707 810 1772 constructionem
832 1708 924 1772 illem
940 1709 1067 1792 quidem
1091 1710 1223 1776 durissi-

131 1836 216 1884 mern
240 1821 472 1904 aggrediemur.
501 1821 606 1885 Verba
628 1815 708 1907 τάχα
732 1814 772 1902 δὴ
794 1820 935 1904 βοηθῶν
957 1821 990 1886 in
1014 1822 1128 1888 codd
1151 1827 1223 1906 post

132 1925 189 1994 οὖν
218 1934 337 2015 scripta
368 1933 504 1999 Cobetus
535 1937 571 1998 ut
598 1933 850 2000 eddItornentum
880 1935 1022 2014 graeculi
1041 1935 1230 2018 eujusdam.

132 2046 368 2112 exterminando
390 2047 523 2112 censuit.
557 2046 638 2111 Sene
662 2047 771 2111 deesse
783 2050 928 2130 possunt,
953 2048 1008 2111 sed
1031 2047 1221 2114 auctoritate

132 2162 306 2225 ceterorum
330 2161 420 2226 codd.
445 2160 620 2225 firmentur.
655 2157 826 2225 Scheibius
850 2159 1028 2241 suspIcotns
1052 2165 1117 2227 est:
1140 2155 1220 2248 τάχα

134 2267 171 2353 dd
199 2273 340 2356 βοηθῶν
366 2267 495 2346 notiore
526 2271 707 2358 (incusetis)
736 2267 785 2344 οἷς
814 2271 942 2356 (quibus
972 2273 1079 2358 nebus)
1110 2270 1222 2358 ἦμάρ-

131 2409 227 2467 τηκες
258 2405 353 2470 quern
377 2387 592 2470 conjecturam
617 2385 755 2451 debilem
783 2385 986 2451 refutandum
1008 2390 1095 2469 puto.
1142 2387 1221 2452 Cum

132 2499 214 2563 enirn
237 2495 518 2574 eoriooegedeliud
541 2502 664 2581 spectet
686 2497 828 2563 adalind
852 2493 911 2573 οἷς,
937 2499 1163 2565 tentumebest
1186 2504 1221 2565 ut

130 2613 192 2678 loci
222 2613 398 2680 obscuritas
429 2613 572 2690 tolletur,
604 2615 640 2676 ut
663 2601 762 2677 ¹valde
792 2613 956 2696 augeatur.
1007 2613 1117 2695 Neque
1148 2633 1220 2678 cum

130 2725 305 2793 Kirdhnero
328 2733 387 2808 της
409 2722 573 2809 ἁμαρτίας
602 2725 774 2790 deleverim
798 2762 839 2771 -
862 2718 1105 2802 πλεοναζόντως
1136 2725 1220 2791 enim

130 2838 266 2921 plurimo
289 2840 476 2906 inoretione
500 2842 609 2904 nostre
633 2841 708 2904 sunt
732 2838 826 2915 dicte,
850 2838 906 2902 cfr.
920 2837 1119 2921 insequentia
1141 2839 1219 2908 haec

129 2950 176 3024 τάς
198 2955 282 3034 ἐμοῦ
305 2951 436 3036 δεηθεὶς
459 2948 605 3024 κάκεῖνος
629 2946 806 3037 ἐπήγγειλε,
832 2969 933 3032 neque
956 2950 1033 3016 hece
1052 2951 1157 3016 aliena
1180 2951 1218 3018 ab

131 3084 189 3132 usu
212 3066 345 3149 Lysieco
358 3067 383 3150 ¹)
406 3065 463 3131 ef.
486 3065 628 3152 l.§§ii‚
651 3063 704 3144 25,
727 3064 780 3142 29,
803 3064 855 3142 37,
878 3063 1062 3144 nmque,
1084 3061 1217 3129 XXVII.

5 3179 6 3200 ¹
128 3178 169 3262 ἐξ
191 3178 222 3257 5,
247 3179 277 3257 7,
303 3180 352 3257 15,
381 3179 481 3242 ΧΧΧ.
512 3177 553 3262 ἐξ
571 3179 628 3274 24,
651 3176 703 3244 35.
750 3175 811 3241 Sed
835 3177 924 3242 codd.
948 3177 1118 3242 lectionem
1148 3194 1219 3241 cem

15 3281 18 3288 ’
129 3292 254 3374 quidem
290 3293 401 3358 durem
436 3295 468 3355 et
501 3294 678 3357 contortam
712 3293 804 3355 tueor
837 3307 1023 3372 comparens
1057 3288 1096 3354 X.
1131 3289 1218 3373 §32

126 3401 321 3488 βοηθήσατε
342 3416 410 3479 τοῖς
432 3403 550 3488 ὅρκοις,
576 3399 624 3476 οἷς
646 3397 854 3486 ὀμωμόκατε.

422 3512 574 3582 εἰπάτω
606 3509 680 3580 οὖν
709 3513 770 3588 τίς
799 3511 921 3599 ἱμῶν.

213 3631 373 3696 BekIrerus
407 3649 505 3695 unum
535 3631 602 3696 cod.
635 3629 668 3696 d.
698 3633 850 3712 sequutus
883 3629 1019 3694 alterurn
1054 3620 1112 3691 οὖν
1144 3632 1218 3711 post

128 3741 249 3810 εἰπάτω
279 3746 408 3827 propter
437 3743 574 3809 alterurn
603 3742 793 3809 antecedens
821 3743 1045 3826 πρῶτονμὲν
1073 3735 1132 3804 οὖν
1163 3760 1216 3806 er-

127 3858 249 3941 punrit.
289 3855 410 3926 SimilIs
426 3856 601 3938 pertidulue
616 3856 762 3940 repetitio
785 3855 838 3921 hdo
859 3853 928 3920 illio
950 3854 1034 3935 epod
1046 3853 1216 3936 scriptores

128 4016 334 4028 mun-—

214 4100 235 4168 ²)
254 4100 322 4157 Plet.
342 4099 441 4157 Pheed.
459 4102 519 4158 235.
538 4098 570 4155 Α.
