<?xml version="1.0" encoding="UTF-8"?>
<!DOCTYPE html PUBLIC "-//W3C//DTD XHTML 1.0 Transitional//EN"
    "http://www.w3.org/TR/xhtml1/DTD/xhtml1-transitional.dtd">
<html xmlns="http://www.w3.org/1999/xhtml" xml:lang="en" lang="en">
 <head>
  <title>
</title>
<meta http-equiv="Content-Type" content="text/html;charset=utf-8" />
  <meta name='ocr-system' content='tesseract 3.04.00' />
  <meta name='ocr-capabilities' content='ocr_page ocr_carea ocr_par ocr_line ocrx_word'/>
</head>
<body>
  <div class='ocr_page' id='page_1' title='image "./depseudolysiaeo00lysigoog_0028.png"; bbox 0 0 2940 4736; ppageno 0'>
   <div class='ocr_carea' id='block_1_1' title="bbox 1160 311 1206 380">
    <p class='ocr_par' dir='ltr' id='par_1_1' title="bbox 1160 311 1206 380">
     <span class='ocr_line' id='line_1_1' title="bbox 1160 311 1206 380; baseline 0.022 -1"><span class='ocrx_word' id='word_1_1' title='bbox 1160 311 1206 380; x_wconf 76' lang='lat'><strong>21</strong></span> 
     </span>
    </p>
   </div>
   <div class='ocr_carea' id='block_1_2' title="bbox 109 481 1206 572">
    <p class='ocr_par' dir='ltr' id='par_1_2' title="bbox 109 481 1206 572">
     <span class='ocr_line' id='line_1_2' title="bbox 109 481 1206 572; baseline 0.003 -24"><span class='ocrx_word' id='word_1_2' title='bbox 109 481 205 568; x_wconf 78' lang='grc' dir='ltr'><strong><em>ἡμεῖς</em></strong></span> <span class='ocrx_word' id='word_1_3' title='bbox 229 483 263 550; x_wconf 81' lang='grc' dir='ltr'><strong>δὲ</strong></span> <span class='ocrx_word' id='word_1_4' title='bbox 286 484 358 551; x_wconf 75' lang='grc' dir='ltr'><strong><em>νυνὶ</em></strong></span> <span class='ocrx_word' id='word_1_5' title='bbox 394 488 438 557; x_wconf 76' lang='grc' dir='ltr'><strong>εἰς</strong></span> <span class='ocrx_word' id='word_1_6' title='bbox 466 481 664 570; x_wconf 73' lang='grc' dir='ltr'><strong>κατηγορίαν</strong></span> <span class='ocrx_word' id='word_1_7' title='bbox 693 483 744 546; x_wconf 78' lang='grc' dir='ltr'><strong>καὶ</strong></span> <span class='ocrx_word' id='word_1_8' title='bbox 774 481 956 572; x_wconf 74' lang='grc' dir='ltr'><strong><em>ἀπολογίαν</em></strong></span> <span class='ocrx_word' id='word_1_9' title='bbox 985 483 1206 570; x_wconf 76' lang='grc' dir='ltr'><strong><em>καθέσταμεν.</em></strong></span> 
     </span>
    </p>
   </div>
   <div class='ocr_carea' id='block_1_3' title="bbox 110 589 1206 684">
    <p class='ocr_par' dir='ltr' id='par_1_3' title="bbox 110 589 1206 684">
     <span class='ocr_line' id='line_1_3' title="bbox 110 589 1206 684; baseline 0.005 -25"><span class='ocrx_word' id='word_1_10' title='bbox 110 596 215 661; x_wconf 75' lang='grc' dir='ltr'><strong><em>καίτοι</em></strong></span> <span class='ocrx_word' id='word_1_11' title='bbox 239 589 330 663; x_wconf 77' lang='grc' dir='ltr'><strong><em>οὗτοι</em></strong></span> <span class='ocrx_word' id='word_1_12' title='bbox 352 602 416 684; x_wconf 75' lang='grc' dir='ltr'><strong>μὲν</strong></span> <span class='ocrx_word' id='word_1_13' title='bbox 438 595 514 671; x_wconf 74' lang='grc' dir='ltr'><strong>τούς</strong></span> <span class='ocrx_word' id='word_1_14' title='bbox 538 594 633 661; x_wconf 69' lang='grc' dir='ltr'><strong><em>οὐδὲν</em></strong></span> <span class='ocrx_word' id='word_1_15' title='bbox 658 594 852 671; x_wconf 79' lang='grc' dir='ltr'><strong><em>ἀδικοῦντας</em></strong></span> <span class='ocrx_word' id='word_1_16' title='bbox 876 595 1071 664; x_wconf 78' lang='grc' dir='ltr'><strong><em>ἀπέκτειναν</em></strong></span> <span class='ocrx_word' id='word_1_17' title='bbox 1089 623 1118 664; x_wconf 92' lang='grc' dir='ltr'><strong>κ.</strong></span> <span class='ocrx_word' id='word_1_18' title='bbox 1134 625 1163 666; x_wconf 87' lang='grc' dir='ltr'><strong>τ.</strong></span> <span class='ocrx_word' id='word_1_19' title='bbox 1178 599 1206 665; x_wconf 82' lang='grc' dir='ltr'><strong>λ.</strong></span> 
     </span>
    </p>
   </div>
   <div class='ocr_carea' id='block_1_4' title="bbox 11 702 1211 796">
    <p class='ocr_par' dir='ltr' id='par_1_4' title="bbox 11 702 1211 796">
     <span class='ocr_line' id='line_1_4' title="bbox 11 702 1211 796; baseline 0.003 -20"><span class='ocrx_word' id='word_1_20' title='bbox 11 705 12 718; x_wconf 72' lang='grc'>’</span> <span class='ocrx_word' id='word_1_21' title='bbox 110 713 156 776; x_wconf 81' lang='lat' dir='ltr'><strong>Er</strong></span> <span class='ocrx_word' id='word_1_22' title='bbox 180 713 374 779; x_wconf 81' lang='lat' dir='ltr'><strong>correctione</strong></span> <span class='ocrx_word' id='word_1_23' title='bbox 397 711 535 778; x_wconf 89' lang='lat' dir='ltr'><strong>Dobraei</strong></span> <span class='ocrx_word' id='word_1_24' title='bbox 565 711 666 776; x_wconf 87' lang='lat' dir='ltr'><strong>critici</strong></span> <span class='ocrx_word' id='word_1_25' title='bbox 688 731 745 794; x_wconf 91' lang='lat' dir='ltr'><strong>pro</strong></span> <span class='ocrx_word' id='word_1_26' title='bbox 775 709 880 774; x_wconf 77' lang='grc' dir='ltr'><strong><em>καίτοι</em></strong></span> <span class='ocrx_word' id='word_1_27' title='bbox 903 702 994 775; x_wconf 72' lang='grc' dir='ltr'><strong><em>οὗτοι</em></strong></span> <span class='ocrx_word' id='word_1_28' title='bbox 1024 718 1211 796; x_wconf 88' lang='lat' dir='ltr'><strong>receperunt</strong></span> 
     </span>
    </p>
   </div>
   <div class='ocr_carea' id='block_1_5' title="bbox 111 817 1211 1702">
    <p class='ocr_par' dir='ltr' id='par_1_5' title="bbox 111 817 1211 1590">
     <span class='ocr_line' id='line_1_5' title="bbox 111 817 1211 908; baseline 0.003 -20"><span class='ocrx_word' id='word_1_29' title='bbox 111 825 165 888; x_wconf 80' lang='lat' dir='ltr'><strong>uni</strong></span> <span class='ocrx_word' id='word_1_30' title='bbox 188 817 300 902; x_wconf 70' lang='lat' dir='ltr'><strong>uiroc,-</strong></span> <span class='ocrx_word' id='word_1_31' title='bbox 323 845 415 908; x_wconf 93' lang='lat' dir='ltr'><strong>porro</strong></span> <span class='ocrx_word' id='word_1_32' title='bbox 439 826 523 890; x_wconf 87' lang='lat' dir='ltr'><strong>idem</strong></span> <span class='ocrx_word' id='word_1_33' title='bbox 543 821 647 888; x_wconf 76' lang='grc' dir='ltr'><strong><em>καίτοι</em></strong></span> <span class='ocrx_word' id='word_1_34' title='bbox 660 843 733 889; x_wconf 92' lang='lat' dir='ltr'><strong>cum</strong></span> <span class='ocrx_word' id='word_1_35' title='bbox 746 822 798 886; x_wconf 80' lang='lat' dir='ltr'><strong>uei</strong></span> <span class='ocrx_word' id='word_1_36' title='bbox 810 827 1027 907; x_wconf 90' lang='lat' dir='ltr'><strong>permutatum</strong></span> <span class='ocrx_word' id='word_1_37' title='bbox 1050 825 1211 892; x_wconf 85' lang='lat' dir='ltr'><strong>invonitur</strong></span> 
     </span>
     <span class='ocr_line' id='line_1_6' title="bbox 112 915 1209 1024; baseline 0.003 -21"><span class='ocrx_word' id='word_1_38' title='bbox 112 939 212 1004; x_wconf 86' lang='lat' dir='ltr'>XXV.</span> <span class='ocrx_word' id='word_1_39' title='bbox 236 940 255 1024; x_wconf 63' lang='grc' dir='ltr'>ξ</span> <span class='ocrx_word' id='word_1_40' title='bbox 282 941 321 1004; x_wconf 83' lang='lat'><strong>13</strong></span> <span class='ocrx_word' id='word_1_41' title='bbox 351 938 456 1004; x_wconf 75' lang='grc' dir='ltr'><strong><em>καίτοι</em></strong></span> <span class='ocrx_word' id='word_1_42' title='bbox 486 935 537 1002; x_wconf 73' lang='grc' dir='ltr'><strong>διὰ</strong></span> <span class='ocrx_word' id='word_1_43' title='bbox 561 942 659 1002; x_wconf 75' lang='grc' dir='ltr'><strong><em>τοῦτο</em></strong></span> <span class='ocrx_word' id='word_1_44' title='bbox 683 915 782 1001; x_wconf 67' lang='lat' dir='ltr'><strong>utrici</strong></span> <span class='ocrx_word' id='word_1_45' title='bbox 804 961 833 1001; x_wconf 83' lang='grc' dir='ltr'><strong>ιι.</strong></span> <span class='ocrx_word' id='word_1_46' title='bbox 858 961 887 1000; x_wconf 84' lang='grc' dir='ltr'><strong>τ.</strong></span> <span class='ocrx_word' id='word_1_47' title='bbox 913 937 941 1000; x_wconf 78' lang='grc' dir='ltr'><strong>λ.</strong></span> <span class='ocrx_word' id='word_1_48' title='bbox 967 974 1009 984; x_wconf 90' lang='grc'><strong>-</strong></span> <span class='ocrx_word' id='word_1_49' title='bbox 1033 940 1091 1005; x_wconf 89' lang='grc' dir='ltr'><strong>ΙΙΙ.</strong></span> <span class='ocrx_word' id='word_1_50' title='bbox 1124 943 1143 1019; x_wconf 64' lang='grc' dir='ltr'><strong>ἕ</strong></span> <span class='ocrx_word' id='word_1_51' title='bbox 1167 940 1209 1006; x_wconf 87' lang='grc'><strong>39</strong></span> 
     </span>
     <span class='ocr_line' id='line_1_7' title="bbox 112 1048 1206 1136; baseline -0.001 -18"><span class='ocrx_word' id='word_1_52' title='bbox 112 1072 174 1135; x_wconf 86' lang='lat' dir='ltr'><strong>qno</strong></span> <span class='ocrx_word' id='word_1_53' title='bbox 204 1054 274 1118; x_wconf 91' lang='lat' dir='ltr'><strong>loco</strong></span> <span class='ocrx_word' id='word_1_54' title='bbox 303 1073 359 1136; x_wconf 91' lang='lat' dir='ltr'><strong>pro</strong></span> <span class='ocrx_word' id='word_1_55' title='bbox 382 1053 471 1119; x_wconf 83' lang='lat' dir='ltr'><strong>codd.</strong></span> <span class='ocrx_word' id='word_1_56' title='bbox 501 1050 636 1117; x_wconf 89' lang='lat' dir='ltr'><strong>lectione</strong></span> <span class='ocrx_word' id='word_1_57' title='bbox 665 1048 768 1114; x_wconf 82' lang='grc' dir='ltr'><strong><em>καίτοι</em></strong></span> <span class='ocrx_word' id='word_1_58' title='bbox 792 1053 822 1114; x_wconf 80' lang='lat' dir='ltr'><strong>ot</strong></span> <span class='ocrx_word' id='word_1_59' title='bbox 851 1072 887 1116; x_wconf 84' lang='lat' dir='ltr'><strong>ex</strong></span> <span class='ocrx_word' id='word_1_60' title='bbox 919 1051 1102 1134; x_wconf 88' lang='lat' dir='ltr'><strong>conjectura</strong></span> <span class='ocrx_word' id='word_1_61' title='bbox 1124 1053 1206 1118; x_wconf 86' lang='lat' dir='ltr'><strong>Hal·</strong></span> 
     </span>
     <span class='ocr_line' id='line_1_8' title="bbox 112 1162 1208 1247; baseline 0.001 -18"><span class='ocrx_word' id='word_1_62' title='bbox 112 1164 313 1242; x_wconf 87' lang='lat' dir='ltr'><strong>bertsmae¹)</strong></span> <span class='ocrx_word' id='word_1_63' title='bbox 344 1185 428 1231; x_wconf 89' lang='lat' dir='ltr'><strong>nunc</strong></span> <span class='ocrx_word' id='word_1_64' title='bbox 459 1169 507 1230; x_wconf 88' lang='lat' dir='ltr'><strong>est</strong></span> <span class='ocrx_word' id='word_1_65' title='bbox 529 1162 582 1228; x_wconf 80' lang='grc' dir='ltr'><strong><em>κατ’</em></strong></span> <span class='ocrx_word' id='word_1_66' title='bbox 613 1167 653 1226; x_wconf 83' lang='lat' dir='ltr'><strong>ot.</strong></span> <span class='ocrx_word' id='word_1_67' title='bbox 703 1163 807 1247; x_wconf 80' lang='lat' dir='ltr'><strong>Atque</strong></span> <span class='ocrx_word' id='word_1_68' title='bbox 837 1164 963 1246; x_wconf 90' lang='lat' dir='ltr'><strong>saepius</strong></span> <span class='ocrx_word' id='word_1_69' title='bbox 994 1166 1082 1231; x_wconf 87' lang='lat' dir='ltr'><strong>codd.</strong></span> <span class='ocrx_word' id='word_1_70' title='bbox 1107 1166 1208 1247; x_wconf 89' lang='lat' dir='ltr'><strong>parti·</strong></span> 
     </span>
     <span class='ocr_line' id='line_1_9' title="bbox 113 1274 1208 1370; baseline 0.001 -27"><span class='ocrx_word' id='word_1_71' title='bbox 113 1280 220 1344; x_wconf 87' lang='lat' dir='ltr'><strong>culam</strong></span> <span class='ocrx_word' id='word_1_72' title='bbox 242 1279 346 1343; x_wconf 80' lang='grc' dir='ltr'><strong><em>καίτοι</em></strong></span> <span class='ocrx_word' id='word_1_73' title='bbox 370 1283 401 1344; x_wconf 95' lang='lat' dir='ltr'><strong>et</strong></span> <span class='ocrx_word' id='word_1_74' title='bbox 424 1278 571 1361; x_wconf 85' lang='lat' dir='ltr'><strong>copulam</strong></span> <span class='ocrx_word' id='word_1_75' title='bbox 594 1274 648 1342; x_wconf 80' lang='grc' dir='ltr'><strong>καί</strong></span> <span class='ocrx_word' id='word_1_76' title='bbox 669 1277 877 1343; x_wconf 81' lang='lat' dir='ltr'><strong>confundunt.</strong></span> <span class='ocrx_word' id='word_1_77' title='bbox 913 1277 1046 1370; x_wconf 79' lang='lat' dir='ltr'><strong>Accedit</strong></span> <span class='ocrx_word' id='word_1_78' title='bbox 1069 1279 1152 1362; x_wconf 87' lang='lat' dir='ltr'><strong>quod</strong></span> <span class='ocrx_word' id='word_1_79' title='bbox 1166 1313 1208 1326; x_wconf 84' lang='lat'><strong>—-</strong></span> 
     </span>
     <span class='ocr_line' id='line_1_10' title="bbox 113 1372 1209 1475; baseline 0.002 -19"><span class='ocrx_word' id='word_1_80' title='bbox 113 1395 148 1456; x_wconf 90' lang='lat' dir='ltr'><strong>ut</strong></span> <span class='ocrx_word' id='word_1_81' title='bbox 188 1411 283 1475; x_wconf 89' lang='lat' dir='ltr'><strong>supra</strong></span> <span class='ocrx_word' id='word_1_82' title='bbox 324 1372 640 1458; x_wconf 74' lang='lat' dir='ltr'><strong>commemoravimus</strong></span> <span class='ocrx_word' id='word_1_83' title='bbox 675 1429 717 1438; x_wconf 92' lang='lat'><em>-</em></span> <span class='ocrx_word' id='word_1_84' title='bbox 752 1391 904 1456; x_wconf 89' lang='lat' dir='ltr'><strong>orationis</strong></span> <span class='ocrx_word' id='word_1_85' title='bbox 946 1391 1082 1473; x_wconf 80' lang='lat' dir='ltr'><strong>scriptor</strong></span> <span class='ocrx_word' id='word_1_86' title='bbox 1115 1411 1209 1458; x_wconf 89' lang='lat' dir='ltr'><strong>usum</strong></span> 
     </span>
     <span class='ocr_line' id='line_1_11' title="bbox 114 1501 1208 1590; baseline -0.001 -20"><span class='ocrx_word' id='word_1_87' title='bbox 114 1507 246 1589; x_wconf 85' lang='lat' dir='ltr'><strong>copulae</strong></span> <span class='ocrx_word' id='word_1_88' title='bbox 269 1505 324 1569; x_wconf 80' lang='grc' dir='ltr'><strong>καί</strong></span> <span class='ocrx_word' id='word_1_89' title='bbox 353 1508 552 1590; x_wconf 87' lang='lat' dir='ltr'><strong>frequentat;</strong></span> <span class='ocrx_word' id='word_1_90' title='bbox 584 1523 676 1586; x_wconf 89' lang='lat' dir='ltr'><strong>porro</strong></span> <span class='ocrx_word' id='word_1_91' title='bbox 705 1501 758 1567; x_wconf 81' lang='grc' dir='ltr'><em>καί</em></span> <span class='ocrx_word' id='word_1_92' title='bbox 788 1505 891 1588; x_wconf 84' lang='lat' dir='ltr'><strong>magis</strong></span> <span class='ocrx_word' id='word_1_93' title='bbox 922 1507 971 1570; x_wconf 90' lang='lat' dir='ltr'><strong>est</strong></span> <span class='ocrx_word' id='word_1_94' title='bbox 999 1503 1208 1588; x_wconf 80' lang='lat' dir='ltr'><strong>indignantis,</strong></span> 
     </span>
    </p>

    <p class='ocr_par' dir='ltr' id='par_1_6' title="bbox 113 1614 1208 1702">
     <span class='ocr_line' id='line_1_12' title="bbox 113 1614 1208 1702; baseline 0.002 -19"><span class='ocrx_word' id='word_1_95' title='bbox 113 1620 195 1701; x_wconf 89' lang='lat' dir='ltr'><strong>quod</strong></span> <span class='ocrx_word' id='word_1_96' title='bbox 221 1619 307 1685; x_wconf 86' lang='lat' dir='ltr'><strong>cadit</strong></span> <span class='ocrx_word' id='word_1_97' title='bbox 330 1620 362 1684; x_wconf 91' lang='lat' dir='ltr'><strong>in</strong></span> <span class='ocrx_word' id='word_1_98' title='bbox 386 1621 531 1684; x_wconf 90' lang='lat' dir='ltr'><strong>nostrum</strong></span> <span class='ocrx_word' id='word_1_99' title='bbox 554 1620 672 1696; x_wconf 89' lang='lat' dir='ltr'><strong>locum,</strong></span> <span class='ocrx_word' id='word_1_100' title='bbox 695 1614 799 1681; x_wconf 79' lang='grc' dir='ltr'><strong><em>καίτοι</em></strong></span> <span class='ocrx_word' id='word_1_101' title='bbox 830 1617 1019 1700; x_wconf 88' lang='lat' dir='ltr'><strong>simpliciter</strong></span> <span class='ocrx_word' id='word_1_102' title='bbox 1047 1637 1208 1702; x_wconf 87' lang='lat' dir='ltr'><strong>opponen-</strong></span> 
     </span>
    </p>
   </div>
   <div class='ocr_carea' id='block_1_6' title="bbox 10 1730 1209 2267">
    <p class='ocr_par' dir='ltr' id='par_1_7' title="bbox 10 1730 1209 2267">
     <span class='ocr_line' id='line_1_13' title="bbox 10 1730 1209 1824; baseline 0.001 -28"><span class='ocrx_word' id='word_1_103' title='bbox 10 1799 11 1824; x_wconf 21' lang='grc' dir='ltr'><strong><em>ρ</em></strong></span> <span class='ocrx_word' id='word_1_104' title='bbox 115 1732 203 1816; x_wconf 76' lang='lat' dir='ltr'><strong>us2).</strong></span> <span class='ocrx_word' id='word_1_105' title='bbox 259 1733 370 1816; x_wconf 89' lang='lat' dir='ltr'><strong>Itaque</strong></span> <span class='ocrx_word' id='word_1_106' title='bbox 399 1752 462 1797; x_wconf 92' lang='lat' dir='ltr'><strong>non</strong></span> <span class='ocrx_word' id='word_1_107' title='bbox 489 1731 579 1815; x_wconf 89' lang='lat' dir='ltr'><strong>justo</strong></span> <span class='ocrx_word' id='word_1_108' title='bbox 611 1730 761 1796; x_wconf 87' lang='lat' dir='ltr'><strong>audacius</strong></span> <span class='ocrx_word' id='word_1_109' title='bbox 793 1730 967 1814; x_wconf 88' lang='lat' dir='ltr'><strong>conjecisse</strong></span> <span class='ocrx_word' id='word_1_110' title='bbox 991 1731 1070 1796; x_wconf 92' lang='lat' dir='ltr'><strong>mihi</strong></span> <span class='ocrx_word' id='word_1_111' title='bbox 1100 1732 1209 1797; x_wconf 87' lang='lat' dir='ltr'><strong>videor</strong></span> 
     </span>
     <span class='ocr_line' id='line_1_14' title="bbox 10 1835 1208 1928; baseline 0 -18"><span class='ocrx_word' id='word_1_112' title='bbox 10 1835 11 1842; x_wconf 52' lang='lat'><em>&#39;</em></span> <span class='ocrx_word' id='word_1_113' title='bbox 115 1846 140 1910; x_wconf 90' lang='lat' dir='ltr'><strong>si</strong></span> <span class='ocrx_word' id='word_1_114' title='bbox 164 1864 219 1928; x_wconf 92' lang='lat' dir='ltr'><strong>pro</strong></span> <span class='ocrx_word' id='word_1_115' title='bbox 243 1845 347 1909; x_wconf 77' lang='grc' dir='ltr'><strong><em>καίτοι</em></strong></span> <span class='ocrx_word' id='word_1_116' title='bbox 371 1844 571 1911; x_wconf 86' lang='lat' dir='ltr'><strong>scribendum</strong></span> <span class='ocrx_word' id='word_1_117' title='bbox 595 1844 811 1927; x_wconf 85' lang='lat' dir='ltr'><strong>proposuerim</strong></span> <span class='ocrx_word' id='word_1_118' title='bbox 835 1842 898 1908; x_wconf 79' lang='grc' dir='ltr'><strong><em>καί.</em></strong></span> <span class='ocrx_word' id='word_1_119' title='bbox 948 1843 1105 1922; x_wconf 78' lang='lat' dir='ltr'><strong>Ceterum,</strong></span> <span class='ocrx_word' id='word_1_120' title='bbox 1136 1864 1208 1910; x_wconf 92' lang='lat' dir='ltr'><strong>cnm</strong></span> 
     </span>
     <span class='ocr_line' id='line_1_15' title="bbox 10 1949 1207 2041; baseline 0.001 -19"><span class='ocrx_word' id='word_1_121' title='bbox 10 1949 11 1960; x_wconf 70' lang='grc'>’</span> <span class='ocrx_word' id='word_1_122' title='bbox 114 1962 185 2040; x_wconf 89' lang='lat' dir='ltr'><strong>post</strong></span> <span class='ocrx_word' id='word_1_123' title='bbox 215 1959 466 2041; x_wconf 86' lang='lat' dir='ltr'><strong>comparativum</strong></span> <span class='ocrx_word' id='word_1_124' title='bbox 489 1955 608 2022; x_wconf 79' lang='grc' dir='ltr'><strong><em>πλείων</em></strong></span> <span class='ocrx_word' id='word_1_125' title='bbox 637 1957 745 2022; x_wconf 86' lang='lat' dir='ltr'><strong>deesse</strong></span> <span class='ocrx_word' id='word_1_126' title='bbox 777 1956 899 2040; x_wconf 88' lang='lat' dir='ltr'><strong>aliquid</strong></span> <span class='ocrx_word' id='word_1_127' title='bbox 928 1961 1090 2040; x_wconf 78' lang='lat' dir='ltr'><strong>appareat,</strong></span> <span class='ocrx_word' id='word_1_128' title='bbox 1117 1958 1207 2024; x_wconf 88' lang='lat' dir='ltr'><strong>lacu-</strong></span> 
     </span>
     <span class='ocr_line' id='line_1_16' title="bbox 10 2067 1207 2156; baseline -0.003 -20"><span class='ocrx_word' id='word_1_129' title='bbox 10 2131 12 2148; x_wconf 76' lang='lat'><em>,</em></span> <span class='ocrx_word' id='word_1_130' title='bbox 115 2091 188 2136; x_wconf 89' lang='lat' dir='ltr'><strong>nam</strong></span> <span class='ocrx_word' id='word_1_131' title='bbox 223 2072 269 2137; x_wconf 89' lang='lat' dir='ltr'><strong>sic</strong></span> <span class='ocrx_word' id='word_1_132' title='bbox 303 2072 368 2137; x_wconf 84' lang='lat' dir='ltr'><strong>iere</strong></span> <span class='ocrx_word' id='word_1_133' title='bbox 403 2072 591 2154; x_wconf 85' lang='lat' dir='ltr'><strong>explendam</strong></span> <span class='ocrx_word' id='word_1_134' title='bbox 623 2074 715 2153; x_wconf 88' lang='lat' dir='ltr'><strong>puto:</strong></span> <span class='ocrx_word' id='word_1_135' title='bbox 761 2069 814 2132; x_wconf 85' lang='grc' dir='ltr'><strong>καὶ</strong></span> <span class='ocrx_word' id='word_1_136' title='bbox 848 2074 955 2156; x_wconf 68' lang='grc' dir='ltr'><strong><em>πολλῷ</em></strong></span> <span class='ocrx_word' id='word_1_137' title='bbox 990 2067 1107 2133; x_wconf 75' lang='grc' dir='ltr'><strong><em>πλείων</em></strong></span> <span class='ocrx_word' id='word_1_138' title='bbox 1142 2070 1207 2135; x_wconf 77' lang='grc' dir='ltr'><strong><em>ἐστὶ</em></strong></span> 
     </span>
     <span class='ocr_line' id='line_1_17' title="bbox 10 2178 1207 2267; baseline 0 -19"><span class='ocrx_word' id='word_1_139' title='bbox 10 2235 11 2240; x_wconf 49' lang='grc'>,</span> <span class='ocrx_word' id='word_1_140' title='bbox 115 2181 244 2267; x_wconf 68' lang='grc' dir='ltr'><strong><em>σπονδή</em></strong></span> <span class='ocrx_word' id='word_1_141' title='bbox 268 2181 352 2267; x_wconf 83' lang='grc' dir='ltr'><strong><em>πρὸς</em></strong></span> <span class='ocrx_word' id='word_1_142' title='bbox 373 2181 450 2258; x_wconf 64' lang='lat' dir='ltr'><strong>eoric</strong></span> <span class='ocrx_word' id='word_1_143' title='bbox 472 2178 642 2266; x_wconf 75' lang='grc' dir='ltr'><strong>παρόντας</strong></span> <span class='ocrx_word' id='word_1_144' title='bbox 671 2180 798 2267; x_wconf 77' lang='grc' dir='ltr'><strong><em>[φίλους</em></strong></span> <span class='ocrx_word' id='word_1_145' title='bbox 825 2179 846 2265; x_wconf 75' lang='grc' dir='ltr'><em>ἢ</em></span> <span class='ocrx_word' id='word_1_146' title='bbox 877 2182 960 2266; x_wconf 72' lang='lat' dir='ltr'><strong>apoc</strong></span> <span class='ocrx_word' id='word_1_147' title='bbox 981 2180 1059 2257; x_wconf 78' lang='grc' dir='ltr'><strong>τούς</strong></span> <span class='ocrx_word' id='word_1_148' title='bbox 1089 2206 1207 2248; x_wconf 85' lang='grc' dir='ltr'><strong><em>συνου-</em></strong></span> 
     </span>
    </p>
   </div>
   <div class='ocr_carea' id='block_1_7' title="bbox 113 2294 1207 3854">
    <p class='ocr_par' dir='ltr' id='par_1_8' title="bbox 114 2294 1206 2604">
     <span class='ocr_line' id='line_1_18' title="bbox 115 2294 1206 2381; baseline 0.002 -20"><span class='ocrx_word' id='word_1_149' title='bbox 115 2294 263 2381; x_wconf 80' lang='grc' dir='ltr'><strong><em>σιαστὰς]</em></strong></span> <span class='ocrx_word' id='word_1_150' title='bbox 290 2301 321 2363; x_wconf 89' lang='lat' dir='ltr'><strong>h.</strong></span> <span class='ocrx_word' id='word_1_151' title='bbox 346 2318 372 2364; x_wconf 88' lang='lat' dir='ltr'><strong>e.</strong></span> <span class='ocrx_word' id='word_1_152' title='bbox 397 2303 492 2381; x_wconf 88' lang='lat' dir='ltr'><strong>atque</strong></span> <span class='ocrx_word' id='word_1_153' title='bbox 515 2297 607 2363; x_wconf 89' lang='lat' dir='ltr'><strong>ardor</strong></span> <span class='ocrx_word' id='word_1_154' title='bbox 630 2316 719 2362; x_wconf 92' lang='lat' dir='ltr'><strong>mens</strong></span> <span class='ocrx_word' id='word_1_155' title='bbox 743 2297 969 2379; x_wconf 85' lang='lat' dir='ltr'><strong>multomagis</strong></span> <span class='ocrx_word' id='word_1_156' title='bbox 993 2298 1032 2362; x_wconf 84' lang='lat' dir='ltr'><strong>ad</strong></span> <span class='ocrx_word' id='word_1_157' title='bbox 1056 2317 1112 2363; x_wconf 83' lang='lat' dir='ltr'><strong>nos</strong></span> <span class='ocrx_word' id='word_1_158' title='bbox 1135 2317 1206 2380; x_wconf 88' lang='lat' dir='ltr'><strong>per·</strong></span> 
     </span>
     <span class='ocr_line' id='line_1_19' title="bbox 114 2411 1206 2496; baseline 0.002 -21"><span class='ocrx_word' id='word_1_159' title='bbox 114 2411 194 2476; x_wconf 89' lang='lat' dir='ltr'><strong>tinet</strong></span> <span class='ocrx_word' id='word_1_160' title='bbox 218 2413 336 2478; x_wconf 86' lang='lat' dir='ltr'><strong>amicos</strong></span> <span class='ocrx_word' id='word_1_161' title='bbox 360 2412 513 2496; x_wconf 78' lang='lat' dir='ltr'><strong>quemad</strong></span> <span class='ocrx_word' id='word_1_162' title='bbox 537 2429 602 2490; x_wconf 80' lang='lat' dir='ltr'><strong>vos,</strong></span> <span class='ocrx_word' id='word_1_163' title='bbox 626 2429 704 2493; x_wconf 88' lang='lat' dir='ltr'><strong>quos</strong></span> <span class='ocrx_word' id='word_1_164' title='bbox 728 2411 959 2477; x_wconf 84' lang='lat' dir='ltr'><strong>calumniarum</strong></span> <span class='ocrx_word' id='word_1_165' title='bbox 982 2431 1053 2476; x_wconf 90' lang='lat' dir='ltr'><strong>snm</strong></span> <span class='ocrx_word' id='word_1_166' title='bbox 1076 2430 1206 2479; x_wconf 84' lang='lat' dir='ltr'><strong>accusa·</strong></span> 
     </span>
     <span class='ocr_line' id='line_1_20' title="bbox 114 2527 393 2604; baseline 0.004 -15"><span class='ocrx_word' id='word_1_167' title='bbox 114 2527 211 2604; x_wconf 80' lang='lat' dir='ltr'><strong>turne,</strong></span> <span class='ocrx_word' id='word_1_168' title='bbox 236 2544 309 2592; x_wconf 85' lang='lat' dir='ltr'><strong>nam</strong></span> <span class='ocrx_word' id='word_1_169' title='bbox 333 2530 393 2591; x_wconf 89' lang='lat' dir='ltr'><strong>cet.</strong></span> 
     </span>
    </p>

    <p class='ocr_par' dir='ltr' id='par_1_9' title="bbox 253 2633 1060 2725">
     <span class='ocr_line' id='line_1_21' title="bbox 253 2633 1060 2725; baseline 0 -23"><span class='ocrx_word' id='word_1_170' title='bbox 253 2634 347 2712; x_wconf 76' lang='grc' dir='ltr'><strong><em>τοὺς</em></strong></span> <span class='ocrx_word' id='word_1_171' title='bbox 369 2639 443 2722; x_wconf 78' lang='grc' dir='ltr'><strong>μὲν</strong></span> <span class='ocrx_word' id='word_1_172' title='bbox 465 2634 540 2725; x_wconf 75' lang='grc' dir='ltr'><strong>γὰρ</strong></span> <span class='ocrx_word' id='word_1_173' title='bbox 564 2635 689 2703; x_wconf 72' lang='grc' dir='ltr'><strong><em>οὐδὲν</em></strong></span> <span class='ocrx_word' id='word_1_174' title='bbox 712 2633 831 2722; x_wconf 77' lang='grc' dir='ltr'><strong><em>οἶμαι</em></strong></span> <span class='ocrx_word' id='word_1_175' title='bbox 853 2633 1060 2722; x_wconf 81' lang='grc' dir='ltr'><strong><em>τιμήσειν.</em></strong></span> 
     </span>
    </p>

    <p class='ocr_par' dir='ltr' id='par_1_10' title="bbox 113 2746 1207 3854">
     <span class='ocr_line' id='line_1_22' title="bbox 200 2746 1207 2834; baseline -0.003 -17"><span class='ocrx_word' id='word_1_176' title='bbox 200 2751 302 2818; x_wconf 89' lang='lat' dir='ltr'><strong>Nemo</strong></span> <span class='ocrx_word' id='word_1_177' title='bbox 331 2752 396 2818; x_wconf 88' lang='lat' dir='ltr'><strong>fere</strong></span> <span class='ocrx_word' id='word_1_178' title='bbox 425 2753 506 2817; x_wconf 86' lang='lat' dir='ltr'><strong>inter</strong></span> <span class='ocrx_word' id='word_1_179' title='bbox 528 2752 719 2818; x_wconf 87' lang='lat' dir='ltr'><strong>recentiores</strong></span> <span class='ocrx_word' id='word_1_180' title='bbox 742 2750 878 2815; x_wconf 88' lang='lat' dir='ltr'><strong>editores</strong></span> <span class='ocrx_word' id='word_1_181' title='bbox 902 2749 1032 2816; x_wconf 88' lang='lat' dir='ltr'><strong>verbnm</strong></span> <span class='ocrx_word' id='word_1_182' title='bbox 1054 2746 1207 2834; x_wconf 75' lang='grc' dir='ltr'><strong><em>τιμήσειν</em></strong></span> 
     </span>
     <span class='ocr_line' id='line_1_23' title="bbox 113 2863 1205 2949; baseline -0.001 -19"><span class='ocrx_word' id='word_1_183' title='bbox 113 2867 271 2932; x_wconf 90' lang='lat' dir='ltr'><strong>intactum</strong></span> <span class='ocrx_word' id='word_1_184' title='bbox 293 2866 519 2949; x_wconf 82' lang='lat' dir='ltr'><strong>praetermisit.</strong></span> <span class='ocrx_word' id='word_1_185' title='bbox 564 2865 655 2946; x_wconf 82' lang='lat' dir='ltr'><strong>Quod</strong></span> <span class='ocrx_word' id='word_1_186' title='bbox 679 2863 826 2929; x_wconf 84' lang='lat' dir='ltr'><strong>Reisirius</strong></span> <span class='ocrx_word' id='word_1_187' title='bbox 862 2863 1034 2946; x_wconf 77' lang='lat' dir='ltr'><strong>ingeniose,</strong></span> <span class='ocrx_word' id='word_1_188' title='bbox 1064 2867 1098 2928; x_wconf 92' lang='lat' dir='ltr'><strong>ut</strong></span> <span class='ocrx_word' id='word_1_189' title='bbox 1122 2865 1205 2930; x_wconf 91' lang='lat' dir='ltr'><strong>sole-</strong></span> 
     </span>
     <span class='ocr_line' id='line_1_24' title="bbox 114 2973 1206 3062; baseline -0.002 -18"><span class='ocrx_word' id='word_1_190' title='bbox 114 2983 178 3059; x_wconf 78' lang='lat' dir='ltr'><strong>bat</strong></span> <span class='ocrx_word' id='word_1_191' title='bbox 212 2979 349 3062; x_wconf 87' lang='lat' dir='ltr'><strong>conjecit</strong></span> <span class='ocrx_word' id='word_1_192' title='bbox 383 2973 610 3062; x_wconf 72' lang='grc' dir='ltr'><strong><em>προτιμήσαι,</em></strong></span> <span class='ocrx_word' id='word_1_193' title='bbox 644 2976 706 3041; x_wconf 91' lang='lat' dir='ltr'><strong>nisi</strong></span> <span class='ocrx_word' id='word_1_194' title='bbox 740 2975 910 3040; x_wconf 84' lang='lat' dir='ltr'><strong>durissima</strong></span> <span class='ocrx_word' id='word_1_195' title='bbox 944 2976 1050 3059; x_wconf 87' lang='lat' dir='ltr'><strong>ellipsi</strong></span> <span class='ocrx_word' id='word_1_196' title='bbox 1086 2977 1206 3042; x_wconf 87' lang='lat' dir='ltr'><strong>firmari</strong></span> 
     </span>
     <span class='ocr_line' id='line_1_25' title="bbox 113 3085 1202 3176; baseline -0.005 -18"><span class='ocrx_word' id='word_1_197' title='bbox 113 3093 234 3176; x_wconf 89' lang='lat' dir='ltr'><strong>nequit.</strong></span> <span class='ocrx_word' id='word_1_198' title='bbox 268 3092 457 3174; x_wconf 85' lang='lat' dir='ltr'><strong>Saepissime</strong></span> <span class='ocrx_word' id='word_1_199' title='bbox 481 3109 557 3157; x_wconf 87' lang='lat' dir='ltr'><strong>sane</strong></span> <span class='ocrx_word' id='word_1_200' title='bbox 580 3094 651 3173; x_wconf 89' lang='lat' dir='ltr'><strong>post</strong></span> <span class='ocrx_word' id='word_1_201' title='bbox 674 3091 770 3155; x_wconf 88' lang='lat' dir='ltr'><strong>verba</strong></span> <span class='ocrx_word' id='word_1_202' title='bbox 792 3089 964 3154; x_wconf 86' lang='lat' dir='ltr'><strong>affectuum</strong></span> <span class='ocrx_word' id='word_1_203' title='bbox 978 3085 1202 3173; x_wconf 71' lang='grc' dir='ltr'><strong><em>σοθαομὰζω,</em></strong></span> 
     </span>
     <span class='ocr_line' id='line_1_26' title="bbox 114 3199 1206 3291; baseline -0.002 -22"><span class='ocrx_word' id='word_1_204' title='bbox 114 3200 234 3281; x_wconf 77' lang='grc' dir='ltr'><strong><em>δεινόν,</em></strong></span> <span class='ocrx_word' id='word_1_205' title='bbox 268 3199 409 3291; x_wconf 82' lang='grc' dir='ltr'><strong><em>αἰσχρόν,</em></strong></span> <span class='ocrx_word' id='word_1_206' title='bbox 443 3200 613 3290; x_wconf 77' lang='grc' dir='ltr'><strong><em>ἀγανακτῶ</em></strong></span> <span class='ocrx_word' id='word_1_207' title='bbox 644 3207 703 3270; x_wconf 88' lang='lat' dir='ltr'><strong>cet.</strong></span> <span class='ocrx_word' id='word_1_208' title='bbox 729 3202 897 3284; x_wconf 81' lang='lat' dir='ltr'><strong>scriptores</strong></span> <span class='ocrx_word' id='word_1_209' title='bbox 920 3201 1012 3267; x_wconf 77' lang='lat' dir='ltr'><strong>eutici</strong></span> <span class='ocrx_word' id='word_1_210' title='bbox 1035 3203 1064 3265; x_wconf 78' lang='grc' dir='ltr'>τί</span> <span class='ocrx_word' id='word_1_211' title='bbox 1084 3206 1206 3284; x_wconf 89' lang='lat' dir='ltr'><strong>ponunt</strong></span> 
     </span>
     <span class='ocr_line' id='line_1_27' title="bbox 114 3309 1200 3402; baseline -0.004 -20"><span class='ocrx_word' id='word_1_212' title='bbox 114 3338 169 3402; x_wconf 90' lang='lat' dir='ltr'><strong>pro</strong></span> <span class='ocrx_word' id='word_1_213' title='bbox 194 3317 258 3382; x_wconf 76' lang='grc' dir='ltr'><strong><em>ὄτιε</em></strong></span> <span class='ocrx_word' id='word_1_214' title='bbox 283 3317 426 3401; x_wconf 87' lang='lat' dir='ltr'><strong>Xenoph.</strong></span> <span class='ocrx_word' id='word_1_215' title='bbox 450 3318 547 3384; x_wconf 75' lang='lat' dir='ltr'><strong>Mem.</strong></span> <span class='ocrx_word' id='word_1_216' title='bbox 567 3317 639 3396; x_wconf 57' lang='lat'><strong>23,</strong></span> <span class='ocrx_word' id='word_1_217' title='bbox 656 3317 685 3382; x_wconf 85' lang='lat'><strong>9.</strong></span> <span class='ocrx_word' id='word_1_218' title='bbox 709 3309 890 3397; x_wconf 79' lang='grc' dir='ltr'><strong><em>θαυμαστοὶ</em></strong></span> <span class='ocrx_word' id='word_1_219' title='bbox 914 3312 1012 3401; x_wconf 78' lang='grc' dir='ltr'><strong><em>λέγοις</em></strong></span> <span class='ocrx_word' id='word_1_220' title='bbox 1035 3316 1064 3378; x_wconf 82' lang='grc' dir='ltr'><strong>εἰ</strong></span> <span class='ocrx_word' id='word_1_221' title='bbox 1085 3337 1112 3377; x_wconf 92' lang='grc' dir='ltr'><strong>κ.</strong></span> <span class='ocrx_word' id='word_1_222' title='bbox 1128 3339 1157 3379; x_wconf 89' lang='grc' dir='ltr'><strong>τ,</strong></span> <span class='ocrx_word' id='word_1_223' title='bbox 1173 3320 1200 3378; x_wconf 81' lang='lat' dir='ltr'><strong>t.</strong></span> 
     </span>
     <span class='ocr_line' id='line_1_28' title="bbox 114 3427 1204 3513; baseline -0.002 -17"><span class='ocrx_word' id='word_1_224' title='bbox 114 3431 230 3497; x_wconf 80' lang='lat' dir='ltr'><strong>Aesch.</strong></span> <span class='ocrx_word' id='word_1_225' title='bbox 254 3431 334 3496; x_wconf 83' lang='lat' dir='ltr'><strong>Tim.</strong></span> <span class='ocrx_word' id='word_1_226' title='bbox 358 3431 409 3498; x_wconf 86' lang='lat'><strong>85.</strong></span> <span class='ocrx_word' id='word_1_227' title='bbox 456 3432 547 3513; x_wconf 78' lang='lat' dir='ltr'><strong>Quod</strong></span> <span class='ocrx_word' id='word_1_228' title='bbox 575 3434 682 3495; x_wconf 92' lang='lat' dir='ltr'><strong>tamen</strong></span> <span class='ocrx_word' id='word_1_229' title='bbox 712 3447 789 3493; x_wconf 90' lang='lat' dir='ltr'><strong>num</strong></span> <span class='ocrx_word' id='word_1_230' title='bbox 817 3428 974 3510; x_wconf 87' lang='lat' dir='ltr'><strong>pertineat</strong></span> <span class='ocrx_word' id='word_1_231' title='bbox 1004 3429 1044 3492; x_wconf 87' lang='lat' dir='ltr'><strong>ad</strong></span> <span class='ocrx_word' id='word_1_232' title='bbox 1073 3427 1204 3494; x_wconf 85' lang='lat' dir='ltr'><strong>verbum</strong></span> 
     </span>
     <span class='ocr_line' id='line_1_29' title="bbox 114 3540 1204 3628; baseline -0.003 -20"><span class='ocrx_word' id='word_1_233' title='bbox 114 3550 283 3628; x_wconf 76' lang='grc' dir='ltr'><strong><em>προτιμᾶν</em></strong></span> <span class='ocrx_word' id='word_1_234' title='bbox 316 3545 407 3610; x_wconf 89' lang='lat' dir='ltr'><strong>valde</strong></span> <span class='ocrx_word' id='word_1_235' title='bbox 443 3545 560 3612; x_wconf 86' lang='lat' dir='ltr'><strong>dubito.</strong></span> <span class='ocrx_word' id='word_1_236' title='bbox 615 3543 773 3608; x_wconf 85' lang='lat' dir='ltr'><strong>Kirchner</strong></span> <span class='ocrx_word' id='word_1_237' title='bbox 790 3542 814 3624; x_wconf 81' lang='lat'><strong>³)</strong></span> <span class='ocrx_word' id='word_1_238' title='bbox 849 3560 948 3625; x_wconf 89' lang='lat' dir='ltr'><strong>nuper</strong></span> <span class='ocrx_word' id='word_1_239' title='bbox 984 3540 1136 3607; x_wconf 85' lang='lat' dir='ltr'><strong>audacius</strong></span> <span class='ocrx_word' id='word_1_240' title='bbox 1172 3543 1204 3605; x_wconf 93' lang='lat' dir='ltr'><strong>in</strong></span> 
     </span>
     <span class='ocr_line' id='line_1_30' title="bbox 114 3649 1203 3739; baseline -0.006 -16"><span class='ocrx_word' id='word_1_241' title='bbox 114 3659 193 3723; x_wconf 86' lang='lat' dir='ltr'><strong>haec</strong></span> <span class='ocrx_word' id='word_1_242' title='bbox 220 3660 316 3723; x_wconf 84' lang='lat' dir='ltr'><strong>verba</strong></span> <span class='ocrx_word' id='word_1_243' title='bbox 347 3660 510 3739; x_wconf 85' lang='lat' dir='ltr'><strong>grassatus</strong></span> <span class='ocrx_word' id='word_1_244' title='bbox 539 3660 587 3721; x_wconf 87' lang='lat' dir='ltr'><strong>cst</strong></span> <span class='ocrx_word' id='word_1_245' title='bbox 615 3655 693 3721; x_wconf 90' lang='lat' dir='ltr'><strong>hacc</strong></span> <span class='ocrx_word' id='word_1_246' title='bbox 721 3671 914 3737; x_wconf 88' lang='lat' dir='ltr'><strong>propenens:</strong></span> <span class='ocrx_word' id='word_1_247' title='bbox 943 3649 1020 3727; x_wconf 75' lang='grc' dir='ltr'><strong><em>τοὺς</em></strong></span> <span class='ocrx_word' id='word_1_248' title='bbox 1047 3655 1111 3737; x_wconf 80' lang='grc' dir='ltr'><strong>μὲν</strong></span> <span class='ocrx_word' id='word_1_249' title='bbox 1140 3649 1203 3739; x_wconf 76' lang='grc' dir='ltr'><strong>μῖρ</strong></span> 
     </span>
     <span class='ocr_line' id='line_1_31' title="bbox 114 3765 1202 3854; baseline -0.002 -20"><span class='ocrx_word' id='word_1_250' title='bbox 114 3767 253 3854; x_wconf 76' lang='grc' dir='ltr'><strong><em>οὐδεμία</em></strong></span> <span class='ocrx_word' id='word_1_251' title='bbox 276 3768 363 3834; x_wconf 75' lang='grc' dir='ltr'><strong><em>αἰτία</em></strong></span> <span class='ocrx_word' id='word_1_252' title='bbox 386 3765 486 3852; x_wconf 68' lang='grc' dir='ltr'><strong><em>λήσει,</em></strong></span> <span class='ocrx_word' id='word_1_253' title='bbox 511 3769 551 3834; x_wconf 93' lang='lat' dir='ltr'><strong>ad</strong></span> <span class='ocrx_word' id='word_1_254' title='bbox 575 3768 665 3852; x_wconf 89' lang='lat' dir='ltr'><strong>cnjus</strong></span> <span class='ocrx_word' id='word_1_255' title='bbox 688 3770 794 3851; x_wconf 86' lang='lat' dir='ltr'><strong>partes</strong></span> <span class='ocrx_word' id='word_1_256' title='bbox 809 3769 860 3833; x_wconf 85' lang='lat' dir='ltr'><strong>vix</strong></span> <span class='ocrx_word' id='word_1_257' title='bbox 883 3785 1074 3852; x_wconf 82' lang='lat' dir='ltr'><strong>quemquam</strong></span> <span class='ocrx_word' id='word_1_258' title='bbox 1097 3771 1202 3833; x_wconf 89' lang='lat' dir='ltr'><strong>trans-</strong></span> 
     </span>
    </p>
   </div>
   <div class='ocr_carea' id='block_1_8' title="bbox 116 4035 1205 4198">
    <p class='ocr_par' dir='ltr' id='par_1_11' title="bbox 116 4035 1205 4198">
     <span class='ocr_line' id='line_1_32' title="bbox 202 4035 1205 4111; baseline -0.005 -13"><span class='ocrx_word' id='word_1_259' title='bbox 202 4039 225 4110; x_wconf 76' lang='lat'><strong>¹)</strong></span> <span class='ocrx_word' id='word_1_260' title='bbox 243 4042 315 4098; x_wconf 87' lang='lat' dir='ltr'><strong>Lect.</strong></span> <span class='ocrx_word' id='word_1_261' title='bbox 335 4040 397 4111; x_wconf 86' lang='lat' dir='ltr'><strong>Lys.</strong></span> <span class='ocrx_word' id='word_1_262' title='bbox 417 4039 509 4110; x_wconf 87' lang='lat' dir='ltr'><strong>scrips.</strong></span> <span class='ocrx_word' id='word_1_263' title='bbox 529 4037 688 4107; x_wconf 80' lang='lat' dir='ltr'><strong>Tiallingius</strong></span> <span class='ocrx_word' id='word_1_264' title='bbox 706 4037 875 4094; x_wconf 86' lang='lat' dir='ltr'><strong>Halbcrtsmu</strong></span> <span class='ocrx_word' id='word_1_265' title='bbox 894 4040 970 4096; x_wconf 88' lang='grc'><strong>1868.</strong></span> <span class='ocrx_word' id='word_1_266' title='bbox 981 4035 1047 4106; x_wconf 85' lang='lat'><strong>-¹)</strong></span> <span class='ocrx_word' id='word_1_267' title='bbox 1065 4036 1205 4095; x_wconf 81' lang='lat' dir='ltr'><strong>Vindicius</strong></span> 
     </span>
     <span class='ocr_line' id='line_1_33' title="bbox 116 4125 827 4198; baseline 0 -16"><span class='ocrx_word' id='word_1_268' title='bbox 116 4127 177 4198; x_wconf 79' lang='lat' dir='ltr'><strong>Lys.</strong></span> <span class='ocrx_word' id='word_1_269' title='bbox 198 4127 310 4184; x_wconf 83' lang='lat' dir='ltr'><strong>Scheibe</strong></span> <span class='ocrx_word' id='word_1_270' title='bbox 327 4145 353 4198; x_wconf 88' lang='lat' dir='ltr'><strong>p.</strong></span> <span class='ocrx_word' id='word_1_271' title='bbox 373 4131 414 4185; x_wconf 87' lang='grc'><strong>93.</strong></span> <span class='ocrx_word' id='word_1_272' title='bbox 435 4158 466 4164; x_wconf 82' lang='grc'>-</span> <span class='ocrx_word' id='word_1_273' title='bbox 485 4125 508 4196; x_wconf 82' lang='lat'><strong>⁸)</strong></span> <span class='ocrx_word' id='word_1_274' title='bbox 527 4126 658 4182; x_wconf 85' lang='lat' dir='ltr'><strong>Kirchner</strong></span> <span class='ocrx_word' id='word_1_275' title='bbox 675 4126 693 4181; x_wconf 89' lang='lat' dir='ltr'><strong>l.</strong></span> <span class='ocrx_word' id='word_1_276' title='bbox 712 4142 735 4182; x_wconf 87' lang='lat' dir='ltr'><strong>c.</strong></span> <span class='ocrx_word' id='word_1_277' title='bbox 754 4142 780 4196; x_wconf 87' lang='lat' dir='ltr'><strong>p.</strong></span> <span class='ocrx_word' id='word_1_278' title='bbox 800 4127 827 4182; x_wconf 85' lang='grc'><strong>7.</strong></span> 
     </span>
    </p>
   </div>
   <div class='ocr_carea' id='block_1_9' title="bbox 0 0 1476 4736">
    <p class='ocr_par' dir='ltr' id='par_1_12' title="bbox 0 0 1476 4736">
     <span class='ocr_line' id='line_1_34' title="bbox 0 0 1476 4736; baseline 0 0"><span class='ocrx_word' id='word_1_279' title='bbox 0 0 1476 4736; x_wconf 95' lang='lat' dir='ltr'><strong> </strong></span> 
     </span>
    </p>
   </div>
  </div>
 </body>
</html>
