2940 4736
1139 292 1182 357 33

90 469 261 548 corianam,
287 469 319 534 et
341 467 519 537 Schoellius
543 467 698 550 exemplis
718 467 798 532 bene
822 467 933 532 multis
957 467 1035 545 ced.,
1059 468 1181 550 de'quo

90 583 169 666 agit,
193 583 333 648 dilucide
357 581 550 665 explanarit:
575 582 626 647 die
648 581 868 663 sibergesetzte
887 580 1001 645 Lesart
1021 581 1066 646 ist
1086 581 1182 645 meist

89 715 129 758 nu
160 696 351 778 empfehlen.
397 696 545 760 Fortasse
576 694 691 759 excidit
723 717 743 755 α
772 697 845 776 post
875 693 1035 776 duplicem
1065 712 1180 762 eccen-

89 811 170 886 tum,
200 828 334 892 quorum
365 810 447 873 alter
470 827 506 872 ex
529 809 663 873 literae
694 808 848 873 facillime
878 807 1044 890 depravari
1066 807 1180 888 potuit.

88 921 202 1004 Itaque
225 921 391 990 Scheibius
413 941 524 986 verum
546 921 636 986 vidit.

178 1035 315 1120 Egregie
339 1054 413 1100 vero
426 1034 581 1099 Gabatum
605 1053 736 1112 errasse,
760 1053 832 1099 eum
850 1033 977 1116 quidem
997 1035 1182 1116 plerumque

90 1151 301 1214 correctorem
336 1148 473 1227 felicem,
520 1148 723 1232 cognoscitur
763 1167 800 1212 er
834 1147 992 1213 sententia
1025 1146 1183 1226 lectionis,

90 1280 190 1342 quam
213 1261 369 1326 defendit:
395 1258 431 1324 οὗ
455 1256 517 1347 γὰρ
541 1255 581 1343 δή
604 1267 717 1343 παρῆν
738 1255 877 1337 τούτοις,
911 1259 980 1324 ἐπεὶ
1008 1257 1119 1342 κέρδος
1140 1252 1184 1341 ἦν

89 1369 176 1458 αὐτῷ
208 1369 392 1458 διαβάλλειν
423 1375 481 1456 ἐμὲ
515 1369 598 1457 πρὸς
630 1370 836 1457 ὑμᾶςόὕτιο
870 1368 1066 1456 πρσθίιμως,
1104 1371 1184 1435 ὥστε

91 1483 280 1551 σπουδάσαι
305 1482 388 1570 πρὸς
411 1481 487 1558 τοῦς
507 1483 609 1582 Ιἰμοῦς
632 1483 829 1572 ἀναγκαίους
851 1481 1046 1549 πλάσασθαι
1067 1490 1182 1549 ταῦτα.

89 1601 159 1683 Ego
184 1600 312 1683 quidem
335 1619 353 1665 a
377 1618 427 1664 me
451 1601 621 1682 impetrare
645 1618 870 1681 corporeum,
901 1602 937 1664 ut
952 1598 1041 1663 ¹hane
1070 1598 1184 1663 lectio·

90 1732 165 1777 nem
188 1731 208 1777 a
229 1715 365 1778 maculis
388 1732 501 1796 puram
524 1731 592 1778 esse
616 1691 931 1778 credam.'Primum
954 1713 1038 1776 enim
1056 1711 1184 1787 omnino

90 1843 154 1889 non
171 1826 261 1891 video
278 1845 338 1909 quo
359 1826 431 1907 jure
446 1826 625 1891 enunciatio
640 1826 777 1891 causalis
793 1824 832 1890 ab
849 1822 920 1888 ἐπεὶ
941 1825 1094 1906 incipiens
1109 1843 1184 1890 con-

87 1931 183 2022 jungi
207 1940 308 2022 possit
331 1940 503 2003 cumillis:
528 1935 564 2002 ot·
589 1935 649 2024 peip
672 1941 794 2020 παρῆν,
820 1957 895 2003 nam
918 1939 1007 2003 deest
1021 1939 1184 2003 vinculum

90 2052 331 2130 sententiarum,
356 2052 514 2117 sententia
531 2052 726 2117 alienissima
749 2052 869 2116 abhoc
891 2051 977 2128 loco;
1001 2052 1113 2116 deinde
1129 2070 1185 2116 our

92 2165 236 2229 deletum
261 2168 311 2229 est
332 2165 460 2247 signum
490 2165 747 2248 interrogationis
777 2168 850 2247 post
871 2163 998 2228 roien?
1040 2165 1185 2247 Denique

93 2263 166 2341 cum
179 2277 357 2343 Kirohnero
381 2278 559 2360 nuperrime
583 2279 641 2360 ἐμὲ
663 2275 747 2362 πρὸς
767 2273 855 2361 ὑμᾶς
877 2280 1020 2343 mutante
1043 2279 1076 2343 in
1098 2274 1186 2361 ὑμᾶς

95 2386 179 2474 πρὸς
201 2390 260 2473 ἐμὲ
287 2391 424 2473 propitio
447 2392 553 2457 animo
584 2391 678 2470 facio,
708 2410 783 2456 nam
806 2392 938 2470 deletor,
969 2392 1007 2457 de
1038 2409 1098 2474 quo
1122 2390 1184 2473 ἐξ)

92 2505 229 2568 testatur
260 2507 366 2570 orator
397 2503 473 2588 ἐμοὶ
496 2499 706 2592 χαριζόμενος
735 2505 941 2570 nullomodo
970 2504 997 2570 is
1024 2505 1186 2586 putandus

92 2616 215 2699 estqui
239 2621 397 2682 oratorem
419 2618 525 2701 ipsum
548 2619 591 2682 sit
613 2617 808 2684 criminatus.

162 2728 370 2816 γιγνώσκω
395 2727 437 2795 δὲ
460 2735 532 2796 νῦν
554 2727 630 2813 ἤδη
654 2731 721 2796 καὶ
743 2727 869 2796 πάλαι
893 2733 1119 2815 ζητοῦντας

526 2840 748 2928 πρόφασιν.

181 2954 347 3022 Scheibius
371 2958 441 3022 vult
469 2953 572 3021 πάλαι
595 2957 788 3041 conjungere
811 2975 884 3024 eum
906 2959 1094 3042 ζητοῦντας,
1127 2964 1185 3024 νῦν

18 3145 19 3158 χ
93 3087 167 3134 oum
189 3065 364 3155 γιγνώσκω,
390 3067 592 3136 fortasseuou'
613 3073 855 3155 expungendum
878 3076 936 3138 est.
970 3074 1185 3140 Vemntamen

92 3182 258 3247 retinenda
280 3183 405 3248 uidetur
429 3185 571 3268 uulgaris
600 3185 696 3250 lectio
720 3204 821 3267 neque
852 3190 928 3268 puto
951 3191 1012 3250 νῦν
1034 3187 1074 3251 ad
1097 3187 1186 3251 aliud

92 3298 235 3376 spectare
258 3296 299 3360 ad
321 3297 409 3361 aliud
431 3292 543 3373 πάλαι,
577 3298 632 3362 sed
656 3301 742 3364 arcte
765 3300 804 3363 ad
828 3299 989 3382 superiora
1011 3299 1182 3364 adhaeres-

92 3412 179 3474 cunt.
203 3409 260 3474 cfr.
283 3409 323 3475 X.
343 3410 417 3491 §20
439 3415 500 3473 νῦν
521 3434 556 3474 τε
578 3410 630 3473 καὶ
654 3407 826 3495 πρότερον,
852 3418 912 3475 νῦν
934 3436 969 3476 τε
991 3411 1043 3475 καὶ
1066 3408 1179 3475 πάλαι.

93 3521 296 3603 Gleinigerus
316 3523 449 3606 requirit
471 3525 688 3591 accusativum
700 3520 789 3606 ὑμᾶς
797 3550 810 3601 ,·
832 3525 1008 3590 rectissime
1031 3525 1091 3591 hoc
1113 3526 1183 3592 loco

92 3634 182 3701 deest
209 3653 392 3717 pronomen,
421 3655 496 3702 nam
526 3641 558 3702 et
587 3637 682 3718 peulo
705 3638 867 3704 antecedit
889 3633 982 3721 ιῖμεις
1012 3641 1043 3704 et
1072 3639 1184 3706 subse·

92 3748 214 3831 quitur:
239 3743 420 3833 ereptorem
432 3751 501 3834 ’ἒμὲ
514 3746 598 3834 πρὸς
613 3745 713 3833 ὑμᾶς,
738 3746 835 3832 ἡνίκα
851 3748 1075 3841 Θρασύμαχον
1097 3750 1185 3838 ’ἱμάς

93 3857 247 3944 ἐφάσκετε
270 3868 371 3936 κακῶς
394 3861 495 3950 λέγειν
518 3859 560 3926 δι’
586 3862 655 3946 ἐμέ.
703 3862 809 3946 Atque
832 3865 903 3930 vide
936 3884 1031 3948 quam
1061 3867 1184 3932 inutilis

92 3974 135 4039 sit
163 3975 254 4057 copia
281 3976 458 4055 verborum,
493 3954 573 4059 quae
607 3980 797 4060 sequuntur:
830 3973 925 4060 ἡνίκα
960 3975 1185 4067 Θρασύμαχον

91 4083 181 4173 ὑμᾶς
204 4083 360 4174 ἐφάσκετε
381 4093 484 4162 κακῶς
507 4087 606 4177 λέγειν
631 4087 673 4154 δι’
701 4089 769 4176 ἐμὲ.
802 4090 855 4156 καὶ
878 4087 937 4179 ἐγώ
965 4094 1030 4175 μὲν
1050 4091 1185 4179 ἠρώτων

976 4199 993 4252 3
