2940 4736
1236 325 1341 392 a·

165 501 269 560 ταῦτα
305 492 363 558 οὐκ
398 491 648 579 ἐγνλιιιιόγιηνς
688 496 787 562 simili
821 499 913 563 modo
957 495 1149 582 compositae
1183 503 1258 564 sunt

166 607 403 674 enuntiationes
427 609 681 693 interrogativae,
705 629 785 693 quae
808 611 959 696 leguntur
982 612 1020 676 X.
1043 611 1064 695 ξ
1087 612 1139 677 26.
1167 612 1256 678 ΧΙΙΙ.
1350 593 1354 602 ’

165 721 259 803 520.
304 722 402 787 Ροιιο
436 742 542 812 ιιιιιιιι
562 724 826 806 interrogationes
860 725 978 789 oratori
1006 724 1099 790 valde
1128 725 1256 806 placue-

165 836 509 913 rint‚·ouelamationes
532 855 655 919 quoque
680 838 709 901 ei
732 834 875 902 arrisisse
899 856 961 902 non
985 841 1032 903 est
1055 838 1181 903 mirum.
1211 837 1257 903 Ea

165 949 249 1013 euim
274 953 322 1013 est
345 950 428 1014 inter
451 954 619 1033 utrumque
643 969 744 1032 genus
767 949 949 1033 conjunctio
982 955 1014 1016 et
1036 951 1127 1033 quasi
1150 950 1256 1015 affini·

166 1064 227 1139 tas,
246 1064 281 1126 ut
295 1081 388 1144 saepe
409 1067 514 1128 utrum
528 1064 723 1148 interrogare
737 1064 873 1129 voluerit
884 1067 1004 1142 auctor,
1028 1082 1067 1131 an
1080 1064 1257 1128 exclamare

167 1174 344 1239 discernere
380 1176 430 1240 vix
463 1177 574 1258 possis.
628 1177 679 1242 An
712 1196 793 1261 quae
828 1177 964 1259 legimus
987 1176 1147 1259 Aristoph.
1182 1177 1256 1242 Pac.

165 1286 201 1352 V.
227 1286 311 1351 1240
1097 1370 1100 1376 ¹

318 1399 349 1464 ai
370 1394 453 1485 ιᾶρα
476 1407 516 1486 τῇ
541 1398 690 1490 σάλπιγγι
713 1401 791 1489 τῇδε
812 1394 975 1489 pericopam
984 1423 996 1476 ,·

164 1514 214 1578 uel
238 1515 345 1597 Eurip.
369 1516 497 1598 Hippol.
522 1515 557 1581 V.
584 1516 666 1581 1012

318 1623 459 1711 μάταιος
482 1621 533 1710 ἆρ’
558 1621 613 1710 ἦν,
640 1625 790 1713 οὐδαμοῦ
814 1625 879 1713 μὲν
903 1621 963 1692 οὖν
986 1633 1124 1712 φρενῶν.

163 1741 427 1822 interrogationes
451 1760 554 1805 noune
579 1742 707 1807 eaedem
738 1745 813 1807 suut
843 1746 875 1808 et
898 1741 1170 1809 exclamationes?
1204 1741 1260 1806 sio

165 1853 250 1919 vm.
274 1854 295 1937 ὅ
321 1855 360 1918 12
383 1853 487 1919 verbis

186 1986 189 1992 ·
259 2040 262 2046 Ι
319 1959 383 2049 ἆρά
406 1971 567 2052 ysauriae
591 1965 759 2051 ξυμβαίνει
780 1977 849 2040 τοῖς
871 1965 1158 2053 ἐξαγγελλογιένοις.

162 2077 364 2160 apertissima
398 2081 481 2144 inest
516 2080 715 2147 exclamatio.
761 2080 817 2145 cfr.
851 2080 891 2145 X.
926 2080 1020 2160 528,
1055 2080 1125 2144 XII.
1160 2079 1254 2160 §34

156 2189 254 2274 Soph.
278 2192 414 2258 Philoot.
440 2193 476 2256 V.
503 2192 595 2258 1452.
641 2194 713 2259 Huc
741 2195 864 2276 spectat
892 2192 975 2276 quod
1002 2192 1140 2276 legimus
1169 2192 1189 2276 ξ
1214 2191 1254 2254 18

161 2300 209 2388 prol
233 2300 310 2377 ιοῠς
332 2303 444 2382 θεοὺς,
471 2307 554 2388 qnod
577 2305 793 2389 Frohbergero
805 2307 829 2390 ¹)
853 2324 1003 2389 magnam
1026 2305 1125 2372 morit
1149 2305 1253 2386 suspi-

163 2418 305 2496 cionem;
330 2419 434 2485 minus
458 2423 553 2498 recte,
577 2437 651 2486 nam
673 2423 709 2485 ut
733 2419 845 2503 Lysias
868 2419 908 2485 ab
931 2419 991 2485 hoc
1015 2417 1253 2485 exclamationis

162 2551 222 2596 usu
245 2532 287 2598 sit
310 2533 552 2612 remotissimus,
580 2552 643 2598 uon
666 2533 757 2598 video
788 2535 863 2616 qnid
887 2552 959 2598 eum
982 2532 1082 2598 semel
1111 2532 1144 2596 iu
1171 2530 1253 2595 hano

162 2645 333 2710 formulam
356 2647 469 2711 ceteris
492 2645 698 2729 scriptoribus
722 2647 828 2713 atticis
852 2646 1144 2729 frequentissimam
1173 2643 1252 2708 iuci-

162 2758 234 2822 dere
257 2760 394 2825 vetuerit
404 2758 438 2843 9.)

248 2870 455 2956 Sequiturut
441 2873 527 2937 tde
557 2889 627 2936 usu
657 2872 837 2954 ellipsis
868 2891 962 2956 quam
987 2874 1122 2955 liguram
1145 2871 1252 2936 rheto-

163 2984 261 3050 ricam
285 2984 324 3050 ab
348 2984 444 3069 Lysia
467 2985 534 3049 fere
554 2985 691 3049 alienam
723 2985 804 3050 exist
807 2987 885 3050 imat
908 2985 1082 3070 Gleiniger‚
1112 2982 1252 3066 inquira-

161 3115 242 3172 mus.
288 3098 325 3163 In
348 3102 456 3164 nostra
480 3098 621 3164 oratione
651 3101 670 3178 ξ
692 3099 713 3162 9
736 3097 892 3164 vocabula
915 3104 974 3162 νῦν
997 3096 1033 3163 δέ
1062 3097 1252 3179 efflagitant,

161 3214 196 3276 ut
222 3195 319 3293 plena
349 3211 406 3276 fiet
438 3212 586 3289 elocutio,
621 3211 796 3293 supplenda
830 3207 867 3274 cri
890 3208 970 3298 χρι);
1005 3212 1254 3295 praetensae

161 3324 250 3406 ei'rrcp
281 3321 361 3407 ὑμῖν
388 3320 490 3388 vainei
520 3322 644 3409 λέγοιμι
666 3323 740 3406 περὶ
768 3327 915 3406 ἐμαυτοῦ
937 3344 976 3390 ne
1000 3325 1156 3390 claudicet
1180 3342 1252 3387 seu-

161 3437 262 3502 tentia
292 3441 364 3519 post
387 3434 511 3523 λέγοιμι
540 3437 712 3502 desiderari
742 3435 825 3520 ἅπερ
856 3435 949 3520 ripaeis
977 3441 1117 3521 apparet.
1164 3436 1252 3502 Glei-

161 3549 296 3634 uigeri⁵l
321 3550 521 3635 diligentiam
544 3549 695 3632 fugerunt
717 3550 750 3613 hi
773 3550 852 3616 loci:

162 3665 369 3675 ——---——-

248 3716 270 3785 ι)
288 3716 455 3784 Frohberger
480 3732 511 3768 zu
534 3713 628 3782 Lysias
656 3714 733 3769 xm.
752 3717 793 3770 95.
816 3745 847 3752 -
876 3714 898 3783 9)
917 3734 939 3770 e.
958 3733 998 3784 gr.
1017 3715 1155 3785 Aristoph.
1181 3713 1251 3769 Nnb.

160 3806 261 3859 viar
299 3804 347 3857 ιι
373 3822 395 3857 ι,
421 3805 463 3858 ee.
501 3803 566 3859 nan
593 3820 617 3855 ι.
644 3803 718 3857 nee.
756 3802 838 3872 Soph.
857 3803 956 3858 mem
983 3821 1007 3856 ι
1033 3791 1092 3860 s'rc.
1114 3801 1251 3875 xenoph

161 3889 252 3963 Symp.
272 3893 314 3946 43.
350 3890 414 3960 Lys.
433 3889 479 3944 Vl.
507 3883 548 3958 (εἰ
521 3885 673 3958 styriam
690 3888 822 3957 Dionysi
849 3890 896 3944 ubi
913 3889 947 3944 ad
971 3889 1033 3944 deos
1057 3905 1161 3960 semper
1184 3905 1251 3943 sem-

159 3992 259 4050 perque
285 3980 411 4050 proroeat
443 3979 603 4030 oraton-
636 3975 655 4042 ³)
684 3976 702 4030 l
731 3993 753 4031 c.
781 3996 807 4047 p.
837 3979 946 4035 172.»
934 3977 1072 4051 Ellipsen
1097 3976 1158 4030 sind
1191 3976 1253 4032 sehr

160 4061 246 4117 selten
268 4063 312 4118 bei
334 4064 428 4135 Lysias
451 4063 506 4117 und
530 4060 583 4117 fast
571 4065 664 4130 t‚uur
692 4081 766 4118 wenn
792 4061 863 4117 strar
888 4082 920 4119 zu
943 4071 1074 4136 engitman
1100 4064 1144 4129 ist,
1172 4080 1251 4134 ange·

159 4148 286 4209 wonder«.
