2914 4728
1149 299 1192 365 29

104 467 168 532 καί
191 474 320 534 ταῦτα
348 467 378 533 δ’
404 469 467 535 ὅτι
488 465 593 555 πρός
614 471 710 544 τοτ’-ς
738 471 1007 546 τελευταίους
1036 469 1191 559 ἔλεγεν,

106 581 171 656 οὓς
194 579 329 666 ᾤεσθε
352 580 601 670 ἀπαγγελεῖν
623 581 743 669 ἡμῖν,
775 583 988 651 τάνταῦθα
1015 581 1194 670 σόφισμα

504 694 627 762 καλόν
656 695 776 764 εἶναι.

190 809 308 874 Nullus
331 811 414 875 inter
437 811 573 877 editores
596 811 670 877 huie
694 813 780 878 eodd.
810 813 941 877 leotioni
968 813 1195 895 patrocinatur,

107 939 177 986 narn
202 941 265 987 non
288 921 327 988 ab
352 942 413 988 uno
435 926 551 989 mendo
580 930 629 990 est
651 925 826 991 liberanda.
879 925 1076 991 Sententiam
1105 945 1195 1008 aper·

106 1035 261 1100 tissimam
283 1037 324 1100 ad
346 1037 591 1121 intelligendum
615 1057 683 1103 esse
706 1041 853 1125 eonoedo,
877 1039 933 1104 sed
956 1039 1031 1121 quid
1048 1039 1109 1104 sibi
1126 1040 1197 1104 vuit
1274 1075 1278 1082 ·

107 1143 183 1220 τοός
211 1147 424 1226 τελευταίους,
461 1151 537 1233 quid
568 1149 685 1238 ἔλεγεν,
719 1153 794 1235 quid
823 1153 958 1235 positive
990 1152 1110 1217 dictum
1142 1150 1197 1222 οὓς

108 1257 237 1345 pieque?
290 1263 429 1330 Cebetas
452 1265 506 1346 qui
530 1265 703 1347 Sauppium
735 1270 887 1348 sequutus
919 1267 988 1331 dat:
1019 1264 1071 1330 καί
1093 1269 1197 1329 ταῦτα

109 1370 151 1449 δ’,
177 1373 228 1438 ὅτι
245 1373 329 1458 πρὸς
344 1373 421 1448 τούς
437 1377 638 1449 τελευταίους
658 1377 818 1465 ἐλέγετε,
840 1376 911 1442 οὐκ
928 1375 1034 1464 ᾤεσθε
1053 1374 1198 1464 ἀπαγγε-

108 1491 172 1550 λειύ
198 1484 295 1572 ἡμῖν,
326 1487 501 1555 κάνταῦθα
532 1490 598 1576 (καί
626 1497 729 1555 ταῦτα
760 1491 890 1576 Saupp.)
922 1487 1069 1575 σόφισμα
1100 1488 1197 1554 καλόν

109 1595 200 1677 εἶναι,
225 1621 344 1668 uerum
378 1607 543 1668 assequtus
578 1624 646 1669 esse
676 1606 727 1669 vix
758 1606 893 1684 videtur,
928 1624 1078 1687 quorsum
1113 1605 1197 1670 enim

110 1718 232 1796 spectat
253 1715 478 1790 retentatione?
512 1718 680 1801 Ingeniosa
704 1723 811 1783 tannen
834 1737 889 1801 pro
903 1717 960 1790 οὓς
982 1714 1040 1782 oda
1063 1719 1199 1800 scripsit,

109 1845 181 1892 uam
213 1829 350 1896 dilucide
387 1835 519 1912 apparet
553 1812 590 1894 ex
621 1830 639 1910 ἓ
671 1831 691 1893 9
719 1828 830 1894 ’ἔπειτα
859 1827 956 1903 κακός
985 1826 1026 1892 σίν
1057 1831 1139 1915 εἴην,
1173 1833 1202 1895 τί

109 1937 210 2004 ταῦτα
242 1939 420 2026 ποιήσαιμι
452 1939 553 2008 αὐτόν
583 1943 667 2026 ἅπερ
698 1946 818 2016 ἐκεῖνος
849 1941 938 2028 ὑμᾶς
968 1945 1087 2010 amicos
1112 1963 1200 2028 spem

110 2057 228 2119 eertum
250 2056 399 2120 habuisse
423 2060 580 2122 oratorem
603 2075 764 2139 uunquam
793 2057 976 2122 auditurum
1007 2077 1076 2122 esse
1098 2077 1200 2141 neque

111 2167 287 2233 calumnias
310 2188 411 2252 neque
435 2169 584 2236 malitias.
631 2172 743 2252 Itaque
775 2171 957 2251 negativam
989 2171 1201 2237 elocutionem

110 2281 333 2364 efflagitamus.
397 2281 502 2364 Atque
533 2282 651 2368 ἐλέγετε
686 2283 805 2349 Cobeto
835 2285 994 2352 debemus.
1048 2284 1201 2372 Fraaaius

109 2411 165 2475 pro
196 2394 398 2468 τελευταίους
418 2396 520 2461 voluit
548 2393 761 2478 ἐπιτηδείους,
795 2395 959 2462 Soheibius
991 2393 1198 2484 ότιαγτιαίσυς.

109 2506 254 2572 Dobreus
291 2513 327 2574 ut
354 2513 519 2574 suaanrrat
548 2509 671 2574 labanti
702 2506 903 2581 τελευταίους
939 2487 1079 2576 scribens
1119 2506 1203 2594 πρὸς

111 2615 250 2694 τούτους
272 2620 474 2695 τελευταίους
503 2647 531 2686 τι.
557 2647 587 2688 τ.
613 2626 672 2698 λ.,“
690 2641 763 2687 oum
791 2623 982 2688 uocabulum
1013 2623 1096 2706 quod
1126 2623 1202 2689 sub·

111 2735 244 2799 stituam
266 2755 322 2818 pro
344 2733 545 2808 τελευταίους
567 2736 600 2800 in
622 2740 770 2819 promptu
798 2755 861 2800 non
889 2736 1034 2816 habeam,
1065 2739 1097 2802 in
1128 2756 1202 2802 suas

18 2847 19 2870 ¹
110 2851 219 2929 partes
241 2868 293 2914 me
316 2851 413 2916 duoit.
459 2849 564 2932 Atque
587 2850 670 2914 alius
694 2849 757 2914 alia
780 2849 952 2931 proposuit.
1000 2850 1091 2930 Quod
1102 2851 1203 2916 Buer·

111 2979 248 3026 mannus
277 2962 338 3028 sibi
365 2964 523 3045 persuasit
552 2963 753 3040 seribendum
782 2981 850 3028 esse
880 2981 936 3045 pro
964 2957 1137 3038 κάνταῦθα
1161 2999 1203 3011 --

110 3075 296 3138 κάντεῦθεν
327 3077 418 3155 „weil
449 3095 482 3141 es
511 3079 576 3141 erst
606 3093 662 3140 aus
691 3075 775 3139 ihrer
805 3074 1091 3156 Handinngsweise
1129 3077 1204 3140 oder

112 3187 270 3253 vieimehr
299 3189 423 3269 durans,
455 3190 527 3255 dass
557 3189 613 3254 der
642 3188 794 3271 Spreeher
824 3187 928 3252 niohts
959 3188 1069 3253 davon-
1089 3189 1205 3254 wieder

112 3302 244 3380 eriehrb
273 3302 340 3367 siolr
364 3302 496 3384 ergiebt‚
526 3303 614 3366 nieht
637 3301 712 3366 aber
734 3301 831 3366 sehon
855 3301 956 3366 selbst
979 3299 1077 3367 dariu¹
1092 3302 1204 3384 liegt“,

112 3417 259 3500 argutius
287 3435 356 3482 esse
380 3416 581 3482 emendatum
605 3434 706 3498 nequa
730 3415 883 3497 quadrare
907 3415 947 3479 ad
970 3431 1082 3480 sonum
1106 3416 1205 3481 totius

113 3531 268 3595 orationis
292 3549 384 3595 nemo
407 3549 469 3596 non
492 3529 587 3594 ridet.
639 3528 898 3609 interrogationis
929 3527 1056 3611 signum
1085 3547 1205 3610 ponen-

113 3645 192 3710 dum
216 3647 265 3709 est
286 3646 360 3725 post
382 3639 531 3728 ὁμιλεῖτε,
564 3659 637 3708 nanr
666 3661 703 3706 ex
733 3639 946 3723 superioribus
977 3641 1206 3708 subaudiuntur

112 3754 228 3822 πόθεν
246 3754 285 3819 ἄν
302 3753 511 3835 'bardanum
533 3755 655 3820 Deinde
674 3758 745 3837 post
769 3751 824 3826 οὓς
843 3754 977 3818 fortasse
995 3755 1111 3820 excidit
1134 3753 1203 3834 οὐκ,

18 3905 19 3968 3
114 3873 201 3954 quod
225 3871 309 3935 idem
332 3869 350 3951 ἓ
377 3869 414 3934 17
438 3863 519 3934 κατὰ
542 3867 574 3934 τί
596 3864 636 3950 dr}
659 3872 763 3932 ταῦτα
787 3862 856 3930 οὐκ
879 3863 1108 3952 ἐφυλαττόμην
1130 3887 1206 3934 aon·

18 3999 19 4058 t
110 3984 241 4066 jeotura
264 3985 296 4048 in
320 3986 501 4048 contentum
524 3982 661 4065 irrepsit.
711 3982 853 4063 Denique
883 3998 954 4044 oum
977 3980 1102 4046 Dobreo
1130 3977 1208 4055 τούς

115 4096 150 4159 in
179 4091 316 4168 τοίτοος
345 4099 506 4162 mutantes
534 4095 612 4160 bueo
649 4095 783 4160 orationi
813 4094 990 4159 reddimus:
1025 4091 1077 4157 καί
1103 4099 1206 4158 ταῦτα
