2940 4736
380 476 440 542 ὅτι
462 475 613 563 ἐλέγετε
635 474 717 540 κατ’
743 481 841 560 ἐμοῦ
865 483 1015 554 ταῦτα,
1042 473 1218 562 δόξαιμι.

319 591 372 655 Sic
401 591 491 658 codd.
520 609 557 655 er
585 591 756 656 collatione
780 591 926 674 Kayseri‚
957 609 1052 674 quam
1084 591 1249 658 Scheibius
1281 593 1352 657 edi-

256 701 335 770 tioni
358 722 433 769 suae
462 703 608 787 subjecit,
639 705 693 769 sed
724 705 842 769 erravit
872 705 1046 788 Kayserus‚
1075 724 1150 770 nam
1178 705 1352 770 Palatinus

255 837 292 882 ex
331 817 550 883 observatione
585 817 763 900 Lamprosii
797 816 953 894 vocabula
990 818 1057 882 sine
1093 819 1353 901 interpunctione

254 933 386 1013 praebet
398 931 434 1014 ¹).
469 929 605 996 Cobetus
625 931 751 1014 scripsit
768 928 909 1013 διέξειμι.
953 929 1062 996 Aliam
1080 932 1164 996 viam
1185 932 1353 1012 ingressus

255 1047 304 1108 est
325 1043 545 1122 Marklandus
573 1063 708 1127 quocum
732 1044 897 1110 Scheibius
925 1044 1027 1110 dedit:
1056 1043 1105 1109 du
1128 1043 1249 1131 ἐλέγετε
1271 1041 1351 1108 κατ’

255 1159 349 1237 ἐμοῦ,
380 1151 483 1220 ταύτὰ
511 1155 645 1240 λέξαιμι,
676 1158 709 1223 in
739 1176 799 1240 quo
831 1164 863 1222 et
891 1156 1094 1224 distinctione
1126 1157 1277 1236 offendor,
1307 1195 1353 1204 -

256 1270 374 1353 optime
404 1269 489 1335 enim
517 1275 620 1334 ταίτιι
651 1290 722 1336 cum
751 1270 870 1356 ἐλέγετι
899 1270 1047 1336 cohaeret
1075 1290 1242 1354 —neque
1273 1290 1353 1336 vero

256 1385 324 1448 sine
348 1402 443 1449 causa
464 1388 568 1447 ταῦτα
591 1384 624 1449 in
645 1380 749 1449 ταύτά
773 1385 890 1450 mutari
912 1384 1031 1449 debuit.
1078 1384 1183 1465 Quare
1206 1403 1246 1449 ne
1269 1385 1350 1449 Em·

255 1497 362 1580 penius
384 1497 522 1580 quidem,
546 1517 564 1563 a
588 1517 648 1581 quo
672 1501 738 1564 stat
754 1498 1028 1583 Westermannus,
1051 1498 1189 1564 scribere
1213 1497 1354 1563 debebat

258 1609 307 1674 ὅτι
341 1610 461 1696 ἐλέγετε
498 1607 569 1673 κατ’
600 1613 683 1696 ἐμοῦ
714 1607 832 1688 ταύτά,
863 1611 998 1692 λέξαιμι.
1058 1610 1121 1677 Sed
1155 1630 1216 1676 uno
1251 1611 1352 1676 verbo

257 1717 387 1806 δόξαιμι
409 1727 533 1789 mutato
557 1728 662 1790 cetera
684 1725 820 1790 orationi
843 1723 1031 1789 reddantur:
1062 1723 1111 1788 ὄτι
1134 1723 1253 1810 ἐλέγετε
1275 1721 1349 1787 κατ’

257 1840 339 1920 ἐμοῦ
361 1842 477 1912 ταῦτα,
502 1837 635 1920 λέξαιμι.
672 1841 710 1903 In
732 1838 964 1921 quoKirehner
986 1857 1049 1902 non
1072 1838 1232 1920 acquievit
1253 1857 1354 1920 prop-

258 1954 345 2016 terea
361 1950 445 2033 qnod
463 1951 593 2016 verbum
611 1950 713 2037 λέγειν
729 1956 779 2016 ter
802 1951 949 2034 deinceps
972 1950 1143 2033 repetitum
1167 1953 1261 2029 esset,
1286 1950 1353 2015 ita-

258 2081 318 2147 que
348 2063 499 2130 audacius
528 2065 606 2131 haec
636 2065 814 2148 proposuit:
848 2059 990 2148 λήξαιμι,
1022 2067 1117 2146 atque
1147 2082 1187 2128 ne
1218 2063 1346 2128 cicindi-

259 2180 368 2242 carent
397 2178 582 2256 sententiae,
613 2178 813 2261 insequentia
835 2176 888 2240 unt
914 2171 977 2264 γάρ
1005 2179 1109 2242 mutat
1137 2177 1170 2240 in
1196 2171 1267 2262 τάχ’
1294 2172 1351 2251 ἄν,

258 2291 341 2372 quod
353 2290 525 2356 violentius
544 2290 688 2356 additum
700 2294 758 2356 est.
783 2291 949 2357 Oratorem
969 2293 1113 2356 nostrum
1130 2289 1221 2372 quasi
1239 2290 1353 2354 ludere

259 2403 292 2468 in
310 2422 370 2468 usu
386 2403 475 2469 verbi
494 2402 604 2486 λέγειν,
632 2407 717 2486 quod
734 2405 831 2471 uicies
856 2405 974 2487 septies
993 2403 1139 2481 occurrit,
1164 2403 1231 2487 jam
1256 2421 1355 2485 supra

261 2516 435 2583 docuimus.
497 2517 716 2583 Buermaunus
750 2513 853 2582 cadrei
871 2514 1037 2600 -prcponit
1077 2518 1161 2597 quod
1201 2519 1354 2598 sequatur

236 2623 311 2692 ἰιαλ
340 2625 414 2716 γάρ,
445 2632 527 2713 quod
555 2650 618 2695 nou
644 2631 736 2697 video
765 2631 921 2714 quomodo
952 2629 1085 2710 quadret
1114 2630 1153 2694 ad
1182 2648 1259 2693 rem.
1312 2629 1353 2694 In

260 2742 480 2812 enunciatione
493 2744 697 2826 srrbsequenti
710 2745 811 2810 solam
828 2743 999 2809 lectionem
1016 2741 1106 2824 εἴπερ
1125 2737 1206 2825 ὑμῖν
1224 2737 1352 2805 ταύτὰ

258 2855 384 2942 λέγοιμι
405 2875 474 2921 esse
497 2855 691 2939 probandam
713 2856 924 2922 libentissime
948 2855 1093 2920 concedo.
1149 2853 1248 2937 Atqui
1278 2872 1352 2918 sen-

260 2969 394 3036 tentiam
428 2988 492 3034 non
525 2971 665 3036 vocarim
704 2991 777 3036 cum
810 2971 1010 3035 Buermanno
1049 2966 1210 3051 jejunam:
1253 2966 1353 3045 „Man

260 3083 371 3167 bringe
395 3099 452 3148 aus
475 3083 577 3149 ciuem
599 3084 725 3149 Redner
747 3084 839 3148 einen
863 3102 897 3148 so
919 3080 1105 3146 kindischen
1122 3079 1195 3146 Satn
1218 3079 1275 3143 wie
1298 3079 1353 3162 §4

260 3309 385 3396 λέγοιμι
404 3308 480 3392 περὶ
495 3313 639 3392 ἐμαυτοῦ
660 3311 728 3375 scil.
748 3308 830 3392 ἅπερ
847 3305 952 3392 ὑμεῖς.
978 3309 1047 3372 Hoc
1064 3309 1113 3371 cst
1127 3305 1243 3370 latine:
1267 3304 1352 3370 Nam

262 3425 289 3490 si
312 3425 433 3503 eadem,
462 3442 542 3507 quae
567 3442 622 3487 vos
652 3423 684 3487 in
714 3441 766 3486 me
793 3421 927 3505 jecistis,
951 3423 1046 3487 verba
1074 3421 1181 3484 inme
1211 3418 1347 3482 dicerem

262 3538 388 3620 culpam
411 3536 501 3602 uobis
531 3535 692 3602 remittere
722 3535 854 3602 viderer.
907 3533 989 3601 Sanc
1019 3551 1082 3600 non
1112 3530 1351 3614 elegantissime

262 3651 358 3730 dicta,
382 3650 437 3716 sed
459 3649 589 3714 minime
611 3648 792 3731 pueriliter!
817 3685 856 3694 --
881 3648 994 3730 Itaque
1017 3641 1148 3730 δόξαιμι
1170 3646 1294 3710 mutato
1317 3643 1351 3708 in

262 3764 385 3848 λέξαιμι
408 3763 497 3829 codd.
520 3762 691 3830 lectionem
714 3759 922 3827 servabimus.

262 3915 470 3927 ......--.-.---

351 3990 370 4060 ¹)
389 3991 416 4048 in
435 3989 499 4048 dier.
518 3989 629 4046 Hamas
648 3987 681 4045 X.
702 3989 770 4046 1876
786 4003 813 4058 p.
831 3987 892 4045 257.
