2914 4728
1200 327 1219 393 7

122 503 262 568 tissima.
309 501 451 585 Apparet
472 501 557 567 onim
580 502 619 566 ad
643 498 729 563 douae
753 497 835 564 εἶναι
857 518 926 564 esse
950 499 1160 582 supplendum
1184 519 1220 564 ex

123 616 358 699 superioribus:
382 612 479 678 οὐδὲν
502 609 619 679 πιστὸν
642 623 710 685 τοῖς
732 609 949 696 θεράπουσιν,
982 613 1089 695 itaque
1111 632 1221 680 vereor

124 749 166 794 ne
190 729 391 794 Hamalrerus
421 727 570 794 subtilius
593 727 799 810 argutiusque
823 726 860 790 de
884 726 944 792 hoe
967 726 1037 790 loeo
1057 725 1220 809 judicarit.

126 841 254 906 Deinde
283 841 477 924 pronominis
509 841 665 924 quaedam
694 839 796 903 torma
826 840 909 922 apud
933 839 1062 922 Lysiam
1093 840 1221 925 saepius

126 956 227 1034 deest,
258 954 444 1036 praesertim
468 972 541 1019 oum
564 973 601 1018 ex
624 952 837 1035 superioribus
867 951 961 1017 faoile
984 970 1157 1035 pronomen
1181 953 1223 1018 sit

125 1069 212 1150 apud
235 1068 378 1133 animum
405 1071 554 1150 repetere.
589 1066 644 1132 afr.
679 1067 750 1132 Vll.
785 1064 848 1146 §5
883 1065 1079 1131 desideretur
1108 1062 1221 1148 ἡμᾶςς
1259 1135 1263 1140 ,

126 1182 168 1244 de
195 1181 255 1244 heo
288 1179 393 1265 ellipsi
425 1181 481 1246 cir.
506 1179 666 1246 Bromium
675 1178 703 1262 ¹)
732 1182 763 1244 et
793 1179 1048 1262 noeroseniumq
1079 1182 1111 1244 ot
1141 1180 1220 1243 Por·

126 1313 239 1360 sonem
255 1293 291 1377 3).
327 1331 366 1341 -
402 1294 544 1358 Eandem
578 1291 866 1374 breviloquentiam
906 1311 1012 1356 rerum
1053 1292 1221 1373 scriptores

124 1407 265 1473 Romani
298 1410 416 1473 amani.
451 1406 508 1472 olr.
543 1406 643 1471 Taoit.
679 1423 751 1470 ann.
786 1404 826 1470 ΙΙ.
850 1404 906 1469 22:
941 1405 1015 1470 Mox
1038 1402 1159 1469 bellum
1188 1406 1221 1471 in

124 1521 336 1603 Angrivarios
349 1519 499 1586 Stertinio
518 1519 666 1584 mandat:
690 1517 723 1583 ni
746 1518 938 1584 deditionem
955 1518 1220 1601 properavissent.

126 1655 178 1700 se:
208 1639 240 1700 et
270 1633 392 1699 bellum
416 1633 454 1697 iis
477 1632 606 1697 illatum
637 1635 729 1708 esset,
763 1630 843 1714 ni4).
890 1630 994 1695 Simili
1024 1631 1118 1696 modo
1146 1631 1220 1697 hist.

125 1749 187 1814 III.
211 1748 263 1825 28,
288 1781 328 1793 -
353 1745 407 1810 IV.
430 1745 483 1811 36.
522 1743 824 1827 Cir.Soph.Eleotr.
848 1763 876 1808 v.
900 1742 964 1807 674
987 1739 1116 1826 δρόμου
1137 1765 1222 1826 προ-

123 1855 335 1944 κηρύξαντος,
368 1877 448 1942 quae
478 1858 606 1941 quidem
630 1857 708 1922 dura
731 1855 984 1938 breviloquentia
1006 1856 1220 1940 (desideratur

126 1971 241 2060 dyona
267 1967 412 2056 δρόμου)
445 1973 484 2036 ab
508 1970 674 2054 Sophoclis
699 1970 859 2054 elegantia
882 1971 929 2035 ita
952 1969 1120 2035 abhorrere
1143 1969 1221 2034 mihi

127 2088 266 2165 videtur,
297 2088 333 2150 ut
356 2084 525 2166 vulgatum
548 2078 675 2167 δρόμον
703 2083 920 2166 praetulerim.
966 2082 1107 2165 Xenoph.
1129 2081 1221 2148 anab.

126 2199 184 2266 Ill.
208 2200 238 2263 4.
265 2198 305 2262 13
328 2197 485 2280 ejusmodi
507 2216 603 2279 prope
627 2196 803 2261 inauditam
826 2196 956 2278 praebet
980 2195 1117 2278 ellipsin.

217 2311 340 2376 Deinde
364 2309 636 2393 comparativa
659 2304 1221 2394 eloontiogl'lnepouneobq'uqv

126 2427 208 2512 ἔχων
231 2421 323 2508 ὑμῶν
346 2419 427 2506 παρ’
453 2419 593 2488 ἑκάστου
621 2418 736 2509 λόγους
764 2419 933 2505 πονηρούς
960 2420 1035 2505 περὶ
1064 2418 1219 2504 ἀλλήλων,

127 2538 253 2603 nullam
287 2538 394 2602 movet
427 2535 648 2618 suspicionem.
700 2536 757 2602 oi.
789 2537 828 2603 X.
857 2536 876 2618 §
903 2536 951 2615 16,
987 2535 1102 2601 XXIV.
1126 2538 1146 2615 ξ
1171 2534 1221 2601 14.

127 2651 237 2732 Frgm.
260 2651 284 2715 I.
306 2649 327 2731 ,6
349 2648 381 2714 4.

216 2763 327 2845 Neque
361 2779 457 2844 quam
491 2763 622 2843 praebet
650 2761 713 2845 §3
743 2762 1041 2844 prosopopoeia
1074 2761 1222 2827 vocabuli

128 2882 269 2963 πρᾶγμα
290 2876 327 2940 de
346 2874 407 2938 fide
426 2875 577 2940 orationiS
597 2879 722 2939 nostrae
741 2874 972 2940 dubitationem
991 2873 1081 2939 nobis
1101 2875 1223 2958 injieiet

129 3009 203 3054 oum
226 2986 455 3071 respexerimus
478 2987 566 3052 XIII.
588 2987 651 3070 §fn
685 2987 798 3070 Lysias
822 2983 1006 3070 saepissime
1027 2989 1117 3070 quasi
1139 2989 1223 3054 ludit

129 3105 163 3168 ln
186 3103 236 3166 his
260 3100 574 3166 conformationibus.
609 3101 632 3164 I.
655 3100 696 3184 ξς
719 3100 772 3166 34.
784 3100 836 3165 36.
866 3100 921 3164 IX.
945 3100 966 3184 §
989 3102 1019 3168 9.
1049 3101 1133 3168 XIV.
1158 3101 1221 3186 §la
1261 3120 1264 3124 ·

217 3213 489 3296 Epanalepsis
525 3231 625 3294 genus
656 3212 727 3296 (oi.
758 3212 777 3295 6
807 3212 843 3298 5)
877 3213 961 3296 apud
993 3214 1123 3297 Lysiam
1157 3215 1222 3279 Ire-

130 3327 279 3410 quentius
304 3329 362 3404 est,
386 3343 482 3407 quam
504 3319 541 3390 ut
562 3325 713 3407 exempns
737 3325 988 3390 confirmandum
1012 3327 1061 3392 sit.

218 3440 316 3504 Porro
354 3437 526 3502 oratoriam
562 3440 791 3521 anaphoras
825 3438 961 3522 figuram
994 3438 1109 3521 LysIae
1143 3439 1222 3502 mire

131 3555 257 3636 gratam
279 3552 378 3616 fulsse
401 3553 532 3632 apparet
556 3569 592 3614 ex
615 3550 669 3616 IV.
687 3550 771 3634 664.
783 3551 835 3630 99,
860 3550 1008 3633 Vl.§53,
1032 3549 1222 3634 Xll.§§56.

132 3666 184 3732 68.
213 3665 265 3744 78,
295 3663 381 3730 XIII.
413 3666 432 3743 ξ
458 3664 511 3743 41,
540 3663 625 3729 XIV.
649 3662 688 3746 §d
712 3663 764 3729 28.
793 3663 845 3730 39.
876 3663 928 3742 41,
959 3661 1091 3728 XXXII.
1121 3662 1143 3748 6
1172 3664 1222 3743 16,

220 3957 242 4027 ¹)
260 3959 380 4014 Bremius
399 3958 433 4014 ad
442 3959 551 4028 Lysiam
568 3978 594 4029 p.
604 3963 645 4016 50.
666 3987 698 3996 -
717 3957 738 4027 2)
761 3959 934 4015 Foertsehius
952 3959 1095 4014 observatt.
1113 3959 1142 4013 in
1159 3959 1222 4028 Lys.

133 4068 160 4118 p.
179 4049 221 4102 66.
241 4073 275 4082 -
293 4043 316 4114 ⁸)
335 4047 436 4102 Person
453 4044 488 4099 ad
504 4045 597 4116 Eurip.
615 4044 716 4100 Phoen.
736 4065 760 4104 v.
779 4047 837 4101 714.
858 4074 888 4084 —
908 4043 928 4112 ⁴)
948 4046 1065 4114 Draeger
1088 4045 1118 4099 in
1140 4045 1223 4102 libro:

134 4133 234 4204 Syntax
251 4133 307 4188 und
324 4133 376 4189 Stil
394 4133 439 4188 des
459 4132 567 4188 Taeibus
584 4152 611 4205 p.
631 4135 673 4190 86.
