2914 4728
258 251 299 315 18

254 423 410 490 lectiones
441 425 607 508 utriusque
639 425 707 492 eod.
740 430 956 508 comparasset
985 428 1017 491 in
1047 429 1196 496 contextu
1225 427 1368 493 confor-

255 536 371 602 mando
395 538 435 601 ad
459 538 526 603 cod.
541 537 571 601 X
584 537 681 603 verba
703 538 848 620 inprimis
872 558 940 604 esse
955 536 1151 605 redeundum
1175 540 1367 605 constituit.

254 649 367 732 ltaque
387 650 577 716 exstiterunt
598 671 627 717 u.
641 652 681 730 d.‚
705 635 759 733 qni
773 670 871 716 novas
885 651 1074 718 collationes
1098 654 1165 720 cod.
1178 653 1207 716 X
1222 670 1364 717 accura-

254 763 379 828 tissime
401 764 551 847 perficere
576 765 747 830 studerent.
783 766 825 830 Et
835 765 971 848 Kayseri
995 766 1123 848 quidem
1146 766 1362 831 collationem

255 880 406 960 sequutus
439 883 487 943 est
510 876 675 944 Scheibius
703 879 735 942 in
766 878 920 952 editione;
950 879 1062 968 deinde
1094 879 1248 961 Lampros
1266 878 1292 960 1)
1318 896 1362 942 ex

254 994 345 1071 parte
377 991 564 1071 corrigenda
594 1010 663 1056 esse
692 1009 773 1074 quae
790 1009 820 1076 'a
843 991 987 1075 Kaysero
1016 991 1134 1057 collata
1165 995 1256 1054 erant
1278 1009 1360 1054 oum

255 1103 315 1168 sibi
336 1105 559 1185 persuasisset,
584 1104 621 1168 de
644 1103 769 1188 integro
792 1105 998 1188 perlustravit
1027 1105 1095 1171 cod.
1119 1122 1253 1186 eumque
1278 1121 1359 1167 ena-

182 1273 183 1276 ,
254 1217 398 1283 minavit.
457 1217 577 1283 Tamen
608 1217 786 1299 Lamprosii
816 1217 945 1283 collatio
975 1235 1095 1282 errores
1123 1216 1260 1298 Kayseri
1288 1235 1359 1280 non

255 1331 295 1394 ad
333 1349 431 1394 unum
474 1350 582 1396 omnes
622 1331 790 1395 sustulisse
833 1334 866 1394 et
904 1331 1074 1396 correxisse
1113 1329 1249 1418 uidetur,
1294 1329 1359 1395 cfr.

195 1447 199 1454 '
254 1444 364 1508 Herm.
396 1461 445 1510 an.
474 1444 529 1508 XI.
560 1445 590 1522 2,
626 1462 687 1526 quo
717 1444 787 1507 looo
816 1441 994 1510 Sohoellius
1024 1448 1056 1508 et
1084 1460 1165 1507 nova
1192 1441 1283 1506 addit
1313 1442 1357 1506 ad

255 1557 461 1623 collationem
483 1557 662 1638 Lamprosii
693 1558 725 1620 et
749 1555 831 1621 falsa
855 1557 995 1640 corrigit.
1046 1557 1092 1621 Ex
1125 1555 1272 1621 omnibus
1302 1554 1356 1618 his

256 1669 480 1735 collationibus
495 1669 534 1734 ad
548 1672 690 1734 nostram
705 1687 828 1750 quoque
853 1653 1027 1734 orationem
1051 1669 1172 1751 aliquid
1186 1667 1356 1746 redundat,

256 1783 382 1848 etiamsi
404 1783 554 1865 pleraque
578 1801 641 1846 non
664 1783 777 1846 idonea
793 1781 961 1848 uideantur
983 1784 1023 1848 ad
1047 1782 1206 1863 graviores
1231 1799 1356 1845 errores

254 1897 424 1962 tollendos.
481 1895 592 1978 Itaque
623 1914 678 1960 suo
716 1912 858 1977 quaeque
890 1895 960 1961 loco
997 1896 1221 1961 laudabuntur.
1277 1893 1356 1960 darn

254 2027 328 2074 vero
352 2010 392 2074 ad
415 2010 543 2090 singola
566 2012 777 2074 transeamus.
1191 2095 1194 2098 Ι

342 2120 447 2204 Atque
478 2140 557 2204 qnae
587 2122 619 2186 in
651 2121 755 2187 fronte
785 2124 862 2186 orat.
886 2121 964 2186 VIII
989 2125 1063 2186 sunt
1092 2121 1196 2203 posita
1225 2125 1356 2204 propter

146 2263 149 2272 ’
255 2234 411 2302 vocabula
443 2229 681 2317 συνουσιαστής
711 2237 743 2298 et
774 2232 959 2320 κακολογιά,
984 2253 1065 2317 quae
1096 2235 1179 2317 apud
1210 2237 1355 2300 oratores

254 2349 370 2414 atticos
393 2350 498 2414 nescio
522 2367 563 2413 an
587 2365 730 2430 unquam
752 2348 910 2431 legantur,
933 2352 1044 2432 postea
1061 2348 1171 2412 addita
1193 2347 1353 2413 videntur.

254 2463 365 2544 Neque
397 2461 514 2527 errarit
544 2461 719 2544 Dionysius
748 2461 794 2525 sic
823 2461 981 2526 disserens
1017 2461 1056 2524 de
1086 2460 1147 2524 lide
1176 2463 1209 2524 et
1237 2463 1354 2525 natura

253 2579 441 2662 duryopoio·
475 2576 515 2637 ee*
524 2569 573 2658 μή
598 2597 646 2646 τις
670 2569 827 2656 ἔμπειρος
849 2568 940 2636 πάνυ
961 2578 1025 2636 τῶν
1049 2569 1176 2656 ἀνδρῶν
1199 2572 1297 2656 (isaei
1320 2576 1355 2636 et

120 2685 154 2724 ⁷
253 2688 383 2772 Lysiae)
406 2687 455 2770 εἴη
473 2722 510 2734 -·
525 2681 583 2748 οὐκ
608 2683 647 2747 ἄν
673 2681 821 2771 διαγνοίη
846 2682 963 2769 ῥᾳδίως
983 2682 1123 2759 πολλοῖς
1145 2689 1211 2750 τῶν
1233 2679 1352 2771 λόγων,
1455 2681 1456 2692 ’

254 2797 416 2884 ὁποτέρου
435 2795 527 2874 εἰσίν,
550 2793 628 2861 dltd
648 2795 914 2883 παρακρούσεται
932 2809 1003 2872 ταῖς
1023 2801 1226 2886 ἐπιγραφαῖς,
1250 2794 1355 2861 οὐδα-

135 2937 173 3000 'ss
253 2919 324 2998 μοις
347 2908 484 2997 ἀκριβῶς
507 2903 654 2998 ε”χοὺσαις
668 2911 704 2996 ²).

144 3030 148 3037 '
163 3009 164 3012 Ἴ
406 3018 613 3108 Ἐπιιὴδοιὸν
624 3047 684 3109 μοι
698 3021 781 3088 douo]
799 3021 913 3108 καιρὸν
925 3024 1088 3108 εἰληφέναι
1106 3023 1179 3108 περὶ
1193 3017 1235 3089 ὧν
1248 3027 1355 3092 εἰπεῖν

412 3133 600 3222 ἐβουλόμην
622 3131 749 3233 ποίλοιι.Ι
769 3132 900 3221 πάρεισι
921 3133 987 3221 μὲν
1009 3135 1071 3224 γὰρ
1101 3133 1149 3211 οἷς
1172 3139 1369 3224 dneyacioi„

464 3247 595 3334 πάρεισι
618 3248 654 3314 de'
678 3298 686 3313 .
715 3298 722 3314 .
752 3298 758 3313 .
789 3276 824 3328 ‚3

255 3358 438 3445 ἐπιτήδειον
461 3357 575 3447 καιρόν
594 3356 778 3447 λαμβάνειν
800 3362 882 3427 hanc
905 3383 977 3429 vere
998 3381 1145 3447 graecam
1158 3364 1353 3429 locutionem

162 3557 167 3564 ι
255 3481 294 3542 et
310 3477 394 3559 apud
416 3476 544 3559 Lysiam
569 3479 602 3542 et
625 3476 710 3557 apud
734 3476 815 3540 alios
839 3476 1006 3558 scriptores
1025 3494 1155 3559 graecos
1177 3475 1354 3542 usitatissi-

123 3616 151 3683 ᾗς
255 3607 341 3655 mam
363 3588 615 3655 fuissescimus.
639 3589 699 3654 olr.
722 3588 799 3673 Lys.
822 3589 911 3654 XIII.
935 3588 955 3671 ξ
978 3590 1006 3653 6.
1032 3589 1109 3655 Luc.
1133 3589 1215 3655 Tim.
1241 3589 1292 3657 13.
1308 3626 1353 3638 —-

254 3701 386 3767 verbum
420 3704 607 3786 ἐπεγκαλεῑν
649 3719 808 3766 summam
851 3701 1083 3767 dubitationem
1124 3721 1154 3766 v.
1190 3704 1217 3767 d.
1251 3703 1353 3768 movit

256 3815 395 3897 adeoque
419 3814 529 3878 multis
561 3813 725 3895 displicuit
750 3816 786 3877 ut
808 3816 864 3877 aut
888 3815 1120 3879 emendandum
1143 3817 1198 3878 aut
1222 3815 1352 3879 omnino

344 4057 366 4128 ι)
385 4059 413 4111 in
431 4057 496 4112 dier,
514 4056 625 4112 Hermes
634 4056 668 4113 X.
681 4057 757 4121 1876,
775 4073 802 4126 p.
812 4059 871 4113 257.
884 4083 916 4094 ·-
935 4053 955 4123 'l
974 4055 1084 4124 Dionys.
1104 4055 1164 4109 Hel.
1184 4053 1216 4108 de
1231 4054 1308 4110 Isaeo
1328 4059 1353 4112 1.
1451 4113 1452 4128 p
