2940 4736
244 301 291 371 ‘20

296 476 587 565 καίτοιπολλῴ
611 475 1055 564 πλείωαίστὶσπουὸῆ
1079 475 1300 565 πρὸςτούς

681 586 908 676 παρόντας

334 704 383 768 Ne
417 704 496 771 lraec
535 703 661 786 quidem
696 705 792 772 uerba
832 707 958 771 macula
992 725 1105 772 vacare
1139 709 1240 791 primo
1273 709 1346 792 jam

249 818 360 883 obtutu
392 821 531 900 apparet.
584 817 698 883 Malim
726 819 786 884 hoc
816 819 885 885 loco
922 819 1033 884 abesse
1061 817 1165 884 καίτοι
1200 823 1283 904 quod
1312 825 1348 886 et

249 932 387 996 otiosum
419 934 474 997 est¹
499 934 531 995 et
555 930 737 998 absurdum.
784 931 890 1014 Atque
921 950 1031 997 omnes
1054 952 1083 997 u.
1108 932 1149 1012 d.‚
1178 935 1231 1017 qni
1262 954 1346 1000 onus

249 1044 350 1111 critici
373 1047 582 1126 susceperunt
604 1045 644 1109 ad
667 1046 772 1110 locum
787 1046 1017 1110 emendandum
1043 1051 1074 1110 et
1096 1045 1143 1112 ita
1165 1049 1346 1113 sanandum

249 1162 284 1222 ut
307 1157 488 1238 intelligere
512 1177 584 1222 eum
607 1158 776 1241 possimus,
807 1178 845 1224 ne
869 1159 993 1223 acutius
1016 1178 1111 1242 quam
1134 1162 1239 1226 verius
1266 1181 1345 1227 con-

246 1270 387 1354 jecturas
411 1270 610 1336 condiderint
633 1291 752 1338 vereor.
797 1272 1049 1356 Franckeuins1)
1073 1274 1179 1339 locum
1202 1276 1247 1339 ita
1270 1280 1345 1341 len-

249 1385 328 1450 tavit
351 1387 387 1449 ut
409 1401 466 1467 pro
489 1379 573 1467 ατρὸς
595 1381 671 1458 τούς
694 1381 862 1468 αιαρόντας
886 1384 1086 1451 scribendum
1111 1390 1237 1468 putaret
1259 1385 1346 1471 πρὸς

247 1493 396 1573 τούτους,
422 1516 484 1579 quo
508 1501 613 1563 orator
635 1499 806 1580 respiceret
827 1499 866 1563 ad
884 1493 1120 1572 novocomensis
1127 1526 1139 1578 ‚-
1163 1519 1242 1584 quae
1265 1520 1344 1580 con-

223 1654 225 1660 .
246 1611 372 1693 jectura
395 1610 509 1690 minuit
533 1610 756 1676 difficultatem
788 1630 889 1695 neque
913 1616 1021 1676 tamen
1044 1613 1140 1691 tollit,
1169 1615 1345 1697 namquid

249 1724 310 1789 sibi
329 1723 407 1789 velit
423 1723 580 1805 particula
595 1723 697 1788 calcor
720 1744 782 1789 non
807 1730 946 1807 apparet.
979 1725 1218 1810 Gleinigerus2)
1242 1727 1344 1810 scrip-

250 1838 330 1902 sisse
353 1836 482 1919 Lysiam
506 1840 615 1919 putat:
645 1835 749 1902 ace'rot
772 1836 891 1902 πλείων
915 1836 983 1902 ἐστὶ
1008 1834 1135 1922 ennodi}
1160 1837 1242 1924 πρὸς
1265 1836 1346 1912 τοὺς

251 1946 451 2027 δικάζοντας,
488 1952 571 2032 quod
603 1951 663 2033 ipsi
692 1951 843 2016 temerius
875 1951 1090 2035 conjectatum
1121 1972 1188 2018 esse
1219 1953 1347 2018 uidetur

250 2064 383 2128 dicenti:
413 2062 465 2127 ich
494 2062 647 2145 boruhige
678 2065 764 2130 mich
795 2065 845 2130 bei
877 2060 1077 2142 δικάζοντας.
1126 2065 1270 2132 Sufficiat
1301 2067 1344 2130 ad

250 2176 461 2241 refellendum
500 2175 719 2260 Gleinigerum
755 2179 795 2242 ad
823 2179 1059 2243 Buermannum
1096 2179 1251 2261 refrigere,
1288 2181 1345 2262 qui

250 2289 430 2372 nuperrime
465 2289 603 2354 dilucide
635 2290 816 2373 explenduit
848 2292 1022 2356 orationem
1054 2292 1140 2358 VIII.
1176 2313 1239 2359 non
1273 2311 1344 2358 esse

249 2402 392 2468 habitam
415 2402 497 2484 apud
518 2402 653 2485 judiees
677 2423 810 2485 quorum
834 2404 950 2468 nulla
973 2404 1029 2470 fiat
1052 2395 1181 2484 mentio,
1205 2407 1259 2470 sed
1281 2405 1345 2472 lroc

250 2535 349 2581 unum
373 2520 515 2599 spectare
547 2520 705 2582 oratorem
728 2521 765 2581 ut
788 2535 895 2581 coram
918 2517 1028 2582 eminis
1057 2527 1089 2582 et
1119 2518 1256 2584 inimicis
1287 2519 1345 2583 de-

252 2632 407 2696 monstret
438 2630 552 2712 quibus
575 2631 669 2694 rebus
692 2630 734 2694 sit
758 2629 913 2695 adductus
942 2632 978 2694 ut
999 2649 1093 2696 nsum
1116 2650 1224 2698 corum
1255 2651 1346 2715 sper-

252 2746 350 2807 neret.
404 2743 599 2824 Neoopinato
629 2746 735 2808 orator
765 2742 804 2808 ab
840 2763 873 2808 se
902 2743 1097 2809 defendendo
1129 2745 1168 2809 ad
1197 2745 1345 2810 inimicos

252 2856 446 2922 accusandos
470 2856 605 2932 ducitur,
630 2874 729 2937 neque
750 2861 856 2920 tamen
880 2856 1032 2921 habemus
1051 2857 1225 2924 orationem
1248 2876 1345 2923 aecu-

252 2968 412 3034 satoriam.
457 2969 599 3033 scheer
631 2969 833 3034 concedimus
862 2970 1082 3046 Bnermann03
1114 2972 1167 3035 sed
1200 2971 1345 3054 ejusdem

253 3081 436 3165 conjectura
466 3080 558 3146 valde
590 3081 747 3163 displicet.
810 3082 961 3164 Proponit
996 3084 1080 3148 enim
1110 3081 1212 3147 καίτοι
1240 3082 1346 3147 coio-

253 3193 372 3277 πείριον
407 3193 472 3258 ἐστὶ
504 3191 633 3276 σπουδὴ
665 3191 748 3278 πρὸς
769 3191 846 3266 τοὺς
869 3191 1081 3278 captatore).
1129 3193 1348 3279 Holrmeiprov

254 3307 445 3374 vocabulum
469 3327 541 3372 cum
565 3308 607 3372 sit
629 3307 908 3372 inusitatissimum
932 3307 1083 3391 (occurrit
1105 3308 1135 3374 h.
1157 3309 1225 3376 Cer.
1239 3329 1266 3376 v.
1279 3309 1343 3374 297

255 3420 460 3503 conjunctum
485 3440 556 3486 cum
580 3414 683 3503 λαός),
714 3424 784 3485 tum
806 3421 977 3501 notionem,
1006 3440 1102 3504 quam
1125 3423 1345 3487 Buermanuus

256 3536 285 3597 ei
312 3534 455 3617 impertit
484 3534 566 3616 quod
595 3533 693 3599 sciam
717 3552 872 3616 nusquam
895 3533 1001 3613 habet,
1035 3534 1151 3617 ubique
1175 3536 1344 3620 significat,

255 3646 421 3729 multiplex
445 3651 477 3712 et
499 3649 565 3712 late
589 3646 813 3711 diffusomr-
828 3647 865 3710 In
890 3647 1044 3712 vocabulo
1067 3646 1170 3714 καίτοι
1194 3649 1343 3714 mendum

254 3758 439 3825 delitescere
463 3760 621 3825 nemiuem
645 3759 738 3843 fugit.
785 3760 936 3824 Conferas
959 3759 1030 3825 XII.
1053 3763 1092 3840 ἓξ
1107 3761 1159 3839 81,
1184 3761 1225 3826 82
1249 3752 1345 3834 αἶτος

253 3867 399 3959 μὲνγὰρ
423 3869 602 3961 κατήγορος
625 3872 676 3936 καὶ
700 3869 851 3954 δικαστής
874 3869 971 3946 αὐτὸς
993 3866 1036 3955 ἦν
1058 3879 1120 3937 τῶν
1142 3875 1341 3960 γενομένων,

254 4029 462 4042 -ΰ--ν--υ-α-σ-

342 4116 364 4186 ²)
382 4117 400 4172 l.
420 4133 442 4172 c.
462 4134 487 4186 p.
509 4120 550 4174 62.
569 4145 601 4154 --
620 4115 643 4186 ²)
662 4116 678 4174 l.
698 4131 720 4174 c.
739 4134 764 4186 p.
787 4118 844 4171 158.
875 4144 894 4153 -
916 4114 939 4185 ⁸)
958 4116 975 4170 l.
996 4131 1017 4171 c.
1036 4133 1062 4186 p.
1082 4119 1141 4174 870.
