2914 4728
1054 251 1180 362 ἰι

92 465 353 552 Thrasymachus.
368 468 509 551 sophista
532 469 551 532 i.
565 487 590 533 e.
605 465 843 536 Chalcedonius,
888 469 936 532 De
960 485 1022 552 qua
1045 487 1078 533 re
1102 468 1182 533 nihil

91 582 190 652 audeo
213 582 391 650 decernere.
425 581 509 647 Satis
533 584 592 660 est,
614 581 696 646 hane
716 581 903 659 orationem,
927 582 1030 663 qualis
1055 582 1182 663 quidem

91 713 174 760 nunc
196 699 254 774 est,
277 696 391 778 Lysiae
414 695 568 760 vindicari
591 694 680 760 nullo
705 696 798 761 modo
821 713 924 777 posse.

610 884 663 952 ΙΙ.

176 1008 307 1073 Morbus
330 1009 385 1072 ille
408 1007 613 1090 perniciosus,
638 1008 691 1090 qui
714 1009 836 1073 tamdiu
862 1010 943 1074 inter
966 1029 995 1074 v,
1017 1010 1046 1076 d.
1071 1009 1184 1076 saeviit

94 1121 239 1202 quamdiu
270 1121 400 1186 fuerunt
428 1142 455 1187 v.
485 1122 524 1199 d.‚
556 1139 748 1203 quamquam
779 1126 901 1203 partem
931 1122 1083 1204 pristinae
1115 1124 1182 1188 rio-

26 1225 27 1246 }
93 1233 206 1299 lentiae
230 1235 387 1320 deposuit,
410 1245 517 1300 tamen
542 1235 680 1318 grassari
703 1234 817 1315 pergit,
842 1234 910 1298 dico
935 1236 1052 1299 inerte
1073 1237 1183 1301 critica

94 1345 265 1412 factitando
294 1347 517 1425 temeritatem,
546 1347 679 1412 nimiam
702 1347 862 1427 fiduciam,
891 1348 1120 1431 negligentiam
1152 1354 1183 1414 ct

94 1457 254 1538 incuriam,
284 1461 517 1543 praejudicatas
552 1460 724 1542 opiniones
789 1460 898 1542 Neque
931 1479 1004 1525 vero
1044 1463 1110 1526 fore
1148 1468 1183 1527 ut

95 1591 169 1653 quae
204 1575 351 1657 aegrotos
385 1573 458 1639 illos
494 1592 606 1639 serrare
640 1574 762 1655 possint
789 1573 1021 1638 medicamenta
1049 1593 1182 1658 usquam

26 1725 27 1760 3
95 1689 318 1768 componantur
340 1705 489 1770 magnam
519 1705 606 1770 spem
630 1687 793 1769 concipere
821 1687 1005 1768 poterimus.
1060 1689 1182 1768 Quribrrs

96 1817 128 1864 er
151 1800 236 1864 uitiis
259 1819 288 1864 v.
303 1799 332 1864 d.
357 1817 428 1864 cum
453 1800 485 1864 in
509 1800 589 1864 alios
613 1799 783 1882 scriptores
807 1803 938 1878 veterae,
963 1803 1030 1864 tum
1053 1801 1085 1864 in
1111 1821 1182 1865 ore-

95 1915 174 1976 tores
197 1912 312 1978 atticos
335 1930 452 1995 magna
474 1911 563 1977 labes
587 1913 727 1977 defluxit.
771 1913 839 1992 Quo
864 1913 949 1978 enim
973 1913 1182 2005 corruptiores

97 2028 164 2089 sunt
187 2026 288 2103 codd,
311 2026 364 2108 qui
388 2027 496 2090 decem
520 2028 682 2090 oratorum
704 2026 822 2108 scripta
840 2025 1121 2107 comprehendunt,
1146 2046 1181 2093 eo

96 2137 245 2222 integrius
269 2139 451 2203 criticorum
481 2139 622 2204 studium
652 2143 684 2204 et
710 2139 867 2221 judicium
897 2139 1085 2222 efflagitant,
1116 2119 1179 2222 qua

96 2250 125 2313 in
147 2271 178 2314 re
202 2251 327 2334 saepius
350 2254 516 2334 peccatum
546 2257 603 2318 est.
660 2252 808 2334 Plerique
832 2270 905 2317 uero
934 2252 966 2316 id
995 2256 1078 2317 recte
1109 2272 1181 2317 sen-

97 2365 173 2430 tiunt
196 2365 257 2430 sibi
269 2365 463 2430 redeundum
488 2384 555 2430 esse
571 2365 611 2429 ad
634 2365 720 2446 ipsos
744 2365 848 2430 fontes
872 2365 1026 2443 codicum,
1051 2385 1087 2428 er
1111 2367 1182 2447 qui-

97 2474 149 2542 bus
177 2496 257 2561 quae
286 2477 483 2543 orationibus
514 2478 612 2543 saluti
641 2497 709 2543 csse
732 2479 856 2561 possint
884 2478 1041 2544 hauriant.
1094 2479 1181 2558 Quae

97 2608 164 2656 curn
193 2591 238 2656 ita
268 2590 341 2668 sint,
375 2591 465 2656 codd.
494 2591 638 2675 singulos
666 2591 718 2655 vel
754 2591 843 2655 codd.
875 2590 1015 2656 familias
1045 2590 1181 2674 diligen-

97 2703 213 2769 tissime
237 2723 305 2768 esse
323 2705 582 2788 pervestigandae
607 2706 746 2785 apparet,
770 2708 806 2768 ut
826 2703 954 2787 cognita
978 2703 1060 2768 inter
1084 2703 1180 2768 semi-

97 2817 152 2882 lias
182 2817 457 2900 consanguinitate
494 2817 548 2898 qui
576 2815 778 2898 potissimum
812 2816 901 2883 codd.
939 2817 1028 2898 quasi
1067 2816 1181 2881 lunda·

97 2933 231 2994 mentum
244 2929 483 3012 quaestionibus
506 2930 570 2994 sint
593 2928 805 3024 subjungendi
830 2929 1039 3011 intelligatur.
1073 2929 1179 3012 Atque

99 3043 127 3106 in
158 3043 252 3126 Lysia
287 3044 347 3107 duo
389 3043 589 3125 potissimum
631 3042 719 3106 codd.
755 3041 925 3124 praecipua
958 3061 987 3106 v.
1023 3042 1051 3105 d.
1087 3042 1179 3105 laude

99 3155 272 3232 floruerunt,
309 3156 379 3221 dico
417 3156 665 3220 Laurentianum
696 3153 781 3237 der
814 3153 1117 3238 Heidelbergensem
1141 3154 1180 3232 X,

100 3247 223 3351 quorum
247 3267 271 3332 Ο
294 3268 385 3334 Imm.
415 3269 558 3334 Behhcro
581 3271 648 3332 tam
671 3268 818 3359 egregius
842 3285 909 3332 esse
942 3267 1027 3331 uisus
1058 3272 1116 3345 est,
1146 3272 1181 3331 ut

101 3382 263 3447 innumeris
287 3382 352 3446 fere
375 3381 453 3446 locis
477 3381 573 3447 verba
596 3382 710 3465 Lysiae
735 3381 803 3462 ejus
827 3379 920 3444 unius
943 3380 1005 3443 fide
1029 3399 1105 3444 usus
1129 3382 1180 3446 vel

101 3495 184 3574 aliter
207 3495 379 3560 collocaret
401 3495 453 3558 vel
476 3493 662 3578 mutaret1).

28 3683 29 3690 χ
178 3607 278 3689 erem
301 3629 328 3673 v.
351 3609 380 3673 d.
405 3612 437 3673 ct
459 3608 627 3692 insigniter
655 3607 693 3670 de
717 3605 907 3688 antiquitate
936 3604 1084 3669 meritum
1117 3624 1179 3670 non

28 3707 29 3746 ¹
103 3720 170 3786 item
191 3721 316 3816 sequuti
338 3724 413 3786 sunt
437 3722 562 3786 caeteri.
614 3719 693 3785 Cum
722 3719 806 3784 enim
834 3718 954 3800 primus
984 3717 1180 3802 Seuppius2)

104 3835 296 3898 collationem
326 3835 394 3899 cod.
422 3834 625 3918 Heidelberg.
655 3832 899 3913 diligentissime
930 3831 1119 3896 confecisset
1148 3838 1179 3896 et

179 4015 200 4084 ¹)
219 4015 292 4070 Orat.
311 4016 369 4070 Ata.
389 4016 428 4070 ed.
446 4017 569 4070 Baiterue
588 4019 615 4070 ot
633 4015 775 4088 Sauppius.
812 4013 952 4068 Praelatio.
1010 4021 1023 4026 ’“
1120 4023 1123 4026 ·

178 4103 199 4172 u)
218 4102 333 4176 epistole
349 4103 442 4158 critica
458 4101 491 4158 ad
510 4101 575 4159 God.
593 4103 772 4158 Hermannum
791 4103 866 4157 1841.

972 4188 988 4240 2
