<?xml version="1.0" encoding="UTF-8"?>
<!DOCTYPE html PUBLIC "-//W3C//DTD XHTML 1.0 Transitional//EN"
    "http://www.w3.org/TR/xhtml1/DTD/xhtml1-transitional.dtd">
<html xmlns="http://www.w3.org/1999/xhtml" xml:lang="en" lang="en">
 <head>
  <title>
</title>
<meta http-equiv="Content-Type" content="text/html;charset=utf-8" />
  <meta name='ocr-system' content='tesseract 3.04.00' />
  <meta name='ocr-capabilities' content='ocr_page ocr_carea ocr_par ocr_line ocrx_word'/>
</head>
<body>
  <div class='ocr_page' id='page_1' title='image "./depseudolysiaeo00lysigoog_0019.png"; bbox 0 0 2940 4736; ppageno 0'>
   <div class='ocr_carea' id='block_1_1' title="bbox 218 303 280 368">
    <p class='ocr_par' dir='ltr' id='par_1_1' title="bbox 218 303 280 368">
     <span class='ocr_line' id='line_1_1' title="bbox 218 303 280 368; baseline 0 0"><span class='ocrx_word' id='word_1_1' title='bbox 218 303 280 368; x_wconf 75' lang='lat'>&#39;12</span> 
     </span>
    </p>
   </div>
   <div class='ocr_carea' id='block_1_2' title="bbox 240 471 1331 563">
    <p class='ocr_par' dir='ltr' id='par_1_2' title="bbox 240 471 1331 563">
     <span class='ocr_line' id='line_1_2' title="bbox 240 471 1331 563; baseline -0.002 -21"><span class='ocrx_word' id='word_1_2' title='bbox 240 472 423 542; x_wconf 76' lang='lat' dir='ltr'>....otdl</span> <span class='ocrx_word' id='word_1_3' title='bbox 448 473 631 563; x_wconf 67' lang='grc' dir='ltr'><strong><em>διειλέχθαι,</em></strong></span> <span class='ocrx_word' id='word_1_4' title='bbox 658 514 700 525; x_wconf 89' lang='grc'>-</span> <span class='ocrx_word' id='word_1_5' title='bbox 724 481 743 558; x_wconf 69' lang='grc' dir='ltr'>ξ</span> <span class='ocrx_word' id='word_1_6' title='bbox 771 477 818 542; x_wconf 90' lang='grc'>16.</span> <span class='ocrx_word' id='word_1_7' title='bbox 842 471 916 541; x_wconf 68' lang='grc' dir='ltr'>τότε</span> <span class='ocrx_word' id='word_1_8' title='bbox 938 477 1000 560; x_wconf 65' lang='grc' dir='ltr'><strong><em>,ιιὲν</em></strong></span> <span class='ocrx_word' id='word_1_9' title='bbox 1133 483 1189 541; x_wconf 86' lang='grc' dir='ltr'>νῦν</span> <span class='ocrx_word' id='word_1_10' title='bbox 1213 474 1260 552; x_wconf 71' lang='grc' dir='ltr'>δι’,</span> <span class='ocrx_word' id='word_1_11' title='bbox 1290 512 1331 524; x_wconf 90' lang='lat'><em>-</em></span> 
     </span>
    </p>
   </div>
   <div class='ocr_carea' id='block_1_3' title="bbox 227 587 1335 2710">
    <p class='ocr_par' dir='ltr' id='par_1_3' title="bbox 227 587 1335 798">
     <span class='ocr_line' id='line_1_3' title="bbox 238 587 1335 676; baseline -0.001 -22"><span class='ocrx_word' id='word_1_12' title='bbox 238 591 256 672; x_wconf 65' lang='grc' dir='ltr'><strong>ἓ</strong></span> <span class='ocrx_word' id='word_1_13' title='bbox 284 591 332 655; x_wconf 90' lang='grc'>18.</span> <span class='ocrx_word' id='word_1_14' title='bbox 357 587 428 654; x_wconf 79' lang='grc' dir='ltr'><strong><em>ἀντὶ</em></strong></span> <span class='ocrx_word' id='word_1_15' title='bbox 449 591 514 672; x_wconf 78' lang='grc' dir='ltr'>μὲν</span> <span class='ocrx_word' id='word_1_16' title='bbox 536 597 594 654; x_wconf 81' lang='grc' dir='ltr'>τοῦ</span> <span class='ocrx_word' id='word_1_17' title='bbox 618 589 719 676; x_wconf 72' lang='grc' dir='ltr'><strong><em>λέγειν</em></strong></span> <span class='ocrx_word' id='word_1_18' title='bbox 745 639 751 653; x_wconf 91' lang='grc'><em>.</em></span> <span class='ocrx_word' id='word_1_19' title='bbox 774 640 780 654; x_wconf 89' lang='grc'><strong>.</strong></span> <span class='ocrx_word' id='word_1_20' title='bbox 801 639 836 654; x_wconf 88' lang='grc'>,.</span> <span class='ocrx_word' id='word_1_21' title='bbox 866 587 938 654; x_wconf 76' lang='grc' dir='ltr'>ἀντὶ</span> <span class='ocrx_word' id='word_1_22' title='bbox 962 589 997 654; x_wconf 79' lang='lat' dir='ltr'>dt</span> <span class='ocrx_word' id='word_1_23' title='bbox 1018 596 1078 654; x_wconf 77' lang='lat' dir='ltr'>cori</span> <span class='ocrx_word' id='word_1_24' title='bbox 1100 591 1251 674; x_wconf 76' lang='grc' dir='ltr'>βοηθεῖν,</span> <span class='ocrx_word' id='word_1_25' title='bbox 1288 624 1335 636; x_wconf 90' lang='lat'>-·</span> 
     </span>
     <span class='ocr_line' id='line_1_4' title="bbox 227 699 1329 798; baseline -0.002 -30"><span class='ocrx_word' id='word_1_26' title='bbox 227 707 257 784; x_wconf 66' lang='grc' dir='ltr'>,ἓ</span> <span class='ocrx_word' id='word_1_27' title='bbox 277 703 326 768; x_wconf 85' lang='grc'>19.</span> <span class='ocrx_word' id='word_1_28' title='bbox 351 699 428 798; x_wconf 71' lang='grc' dir='ltr'>τούς</span> <span class='ocrx_word' id='word_1_29' title='bbox 449 699 595 790; x_wconf 77' lang='grc' dir='ltr'><strong><em>μὲνγὰρ</em></strong></span> <span class='ocrx_word' id='word_1_30' title='bbox 617 705 823 790; x_wconf 73' lang='grc' dir='ltr'><em>χρωμένους.</em></span> <span class='ocrx_word' id='word_1_31' title='bbox 843 754 848 766; x_wconf 97' lang='grc'>.</span> <span class='ocrx_word' id='word_1_32' title='bbox 868 751 899 767; x_wconf 91' lang='grc'>..</span> <span class='ocrx_word' id='word_1_33' title='bbox 926 709 989 767; x_wconf 76' lang='grc' dir='ltr'>των</span> <span class='ocrx_word' id='word_1_34' title='bbox 1014 701 1049 767; x_wconf 77' lang='lat' dir='ltr'>tt</span> <span class='ocrx_word' id='word_1_35' title='bbox 1071 700 1120 786; x_wconf 78' lang='grc' dir='ltr'>μη</span> <span class='ocrx_word' id='word_1_36' title='bbox 1144 703 1329 790; x_wconf 76' lang='grc' dir='ltr'><em>χρωμένων.</em></span> 
     </span>
    </p>

    <p class='ocr_par' dir='ltr' id='par_1_4' title="bbox 236 812 1335 2368">
     <span class='ocr_line' id='line_1_5' title="bbox 323 812 1331 902; baseline 0.001 -23"><span class='ocrx_word' id='word_1_37' title='bbox 323 812 555 900; x_wconf 78' lang='grc' dir='ltr'><strong><em>Περιηρὰοεως</em></strong></span> <span class='ocrx_word' id='word_1_38' title='bbox 578 836 675 884; x_wconf 92' lang='lat' dir='ltr'>unum</span> <span class='ocrx_word' id='word_1_39' title='bbox 699 822 825 883; x_wconf 89' lang='lat' dir='ltr'>tantum</span> <span class='ocrx_word' id='word_1_40' title='bbox 856 818 1035 900; x_wconf 85' lang='lat' dir='ltr'>exemplum</span> <span class='ocrx_word' id='word_1_41' title='bbox 1067 818 1198 902; x_wconf 75' lang='lat' dir='ltr'>praebet</span> <span class='ocrx_word' id='word_1_42' title='bbox 1227 817 1331 883; x_wconf 88' lang='lat' dir='ltr'>oratio</span> 
     </span>
     <span class='ocr_line' id='line_1_6' title="bbox 238 924 1333 1014; baseline -0.001 -20"><span class='ocrx_word' id='word_1_43' title='bbox 238 929 322 995; x_wconf 85' lang='lat' dir='ltr'>Vlll.</span> <span class='ocrx_word' id='word_1_44' title='bbox 345 929 417 1010; x_wconf 72' lang='lat'>§19</span> <span class='ocrx_word' id='word_1_45' title='bbox 440 927 478 993; x_wconf 79' lang='lat' dir='ltr'>cd</span> <span class='ocrx_word' id='word_1_46' title='bbox 501 931 564 1012; x_wconf 80' lang='grc' dir='ltr'>μὲν</span> <span class='ocrx_word' id='word_1_47' title='bbox 588 924 647 994; x_wconf 81' lang='grc' dir='ltr'>οὖν</span> <span class='ocrx_word' id='word_1_48' title='bbox 670 927 761 1014; x_wconf 72' lang='grc' dir='ltr'><strong><em>ἐμόν.</em></strong></span> <span class='ocrx_word' id='word_1_49' title='bbox 800 932 902 997; x_wconf 88' lang='lat' dir='ltr'>Nemo</span> <span class='ocrx_word' id='word_1_50' title='bbox 926 949 989 1002; x_wconf 89' lang='lat' dir='ltr'>non</span> <span class='ocrx_word' id='word_1_51' title='bbox 1007 930 1104 1009; x_wconf 84' lang='lat' dir='ltr'>videt,</span> <span class='ocrx_word' id='word_1_52' title='bbox 1128 933 1235 996; x_wconf 89' lang='lat' dir='ltr'>nostro</span> <span class='ocrx_word' id='word_1_53' title='bbox 1261 932 1333 994; x_wconf 89' lang='lat' dir='ltr'>loco</span> 
     </span>
     <span class='ocr_line' id='line_1_7' title="bbox 237 1023 1331 1127; baseline -0.002 -18"><span class='ocrx_word' id='word_1_54' title='bbox 237 1062 299 1109; x_wconf 90' lang='lat' dir='ltr'>non</span> <span class='ocrx_word' id='word_1_55' title='bbox 330 1042 438 1123; x_wconf 86' lang='lat' dir='ltr'>luisse,</span> <span class='ocrx_word' id='word_1_56' title='bbox 468 1043 551 1124; x_wconf 88' lang='lat' dir='ltr'>qnod</span> <span class='ocrx_word' id='word_1_57' title='bbox 582 1046 687 1108; x_wconf 88' lang='lat' dir='ltr'>orator</span> <span class='ocrx_word' id='word_1_58' title='bbox 718 1023 903 1127; x_wconf 70' lang='lat' dir='ltr'>exquisitius</span> <span class='ocrx_word' id='word_1_59' title='bbox 936 1044 1226 1127; x_wconf 77' lang='lat' dir='ltr'>circumscriptione</span> <span class='ocrx_word' id='word_1_60' title='bbox 1261 1043 1331 1107; x_wconf 90' lang='lat' dir='ltr'>nte-</span> 
     </span>
     <span class='ocr_line' id='line_1_8' title="bbox 237 1151 1332 1242; baseline -0.001 -22"><span class='ocrx_word' id='word_1_61' title='bbox 237 1160 324 1220; x_wconf 87' lang='lat' dir='ltr'>retur</span> <span class='ocrx_word' id='word_1_62' title='bbox 346 1175 401 1238; x_wconf 89' lang='lat' dir='ltr'>pro</span> <span class='ocrx_word' id='word_1_63' title='bbox 421 1154 570 1237; x_wconf 83' lang='lat' dir='ltr'>simplici</span> <span class='ocrx_word' id='word_1_64' title='bbox 593 1151 663 1242; x_wconf 80' lang='grc' dir='ltr'>ὲγώ.</span> <span class='ocrx_word' id='word_1_65' title='bbox 719 1158 803 1222; x_wconf 87' lang='lat' dir='ltr'>Nem</span> <span class='ocrx_word' id='word_1_66' title='bbox 833 1158 928 1241; x_wconf 89' lang='lat' dir='ltr'>longe</span> <span class='ocrx_word' id='word_1_67' title='bbox 960 1157 1024 1221; x_wconf 88' lang='lat' dir='ltr'>alia</span> <span class='ocrx_word' id='word_1_68' title='bbox 1058 1161 1107 1221; x_wconf 90' lang='lat' dir='ltr'>est</span> <span class='ocrx_word' id='word_1_69' title='bbox 1137 1155 1332 1240; x_wconf 80' lang='lat' dir='ltr'>periphrasis</span> 
     </span>
     <span class='ocr_line' id='line_1_9' title="bbox 237 1263 1335 1354; baseline -0.002 -22"><span class='ocrx_word' id='word_1_70' title='bbox 237 1269 287 1334; x_wconf 81' lang='lat' dir='ltr'>hle</span> <span class='ocrx_word' id='word_1_71' title='bbox 311 1269 406 1348; x_wconf 75' lang='lat' dir='ltr'>locis:</span> <span class='ocrx_word' id='word_1_72' title='bbox 437 1268 552 1334; x_wconf 84' lang='lat' dir='ltr'><strong>XXIV.</strong></span> <span class='ocrx_word' id='word_1_73' title='bbox 576 1268 594 1350; x_wconf 62' lang='grc' dir='ltr'>ᾖ</span> <span class='ocrx_word' id='word_1_74' title='bbox 618 1268 638 1332; x_wconf 87' lang='lat'><strong>3</strong></span> <span class='ocrx_word' id='word_1_75' title='bbox 662 1263 759 1334; x_wconf 74' lang='lat' dir='ltr'>dilue</span> <span class='ocrx_word' id='word_1_76' title='bbox 780 1267 857 1354; x_wconf 72' lang='grc' dir='ltr'><strong><em>βίον</em></strong></span> <span class='ocrx_word' id='word_1_77' title='bbox 880 1267 988 1347; x_wconf 74' lang='grc' dir='ltr'>διάξω,</span> <span class='ocrx_word' id='word_1_78' title='bbox 1013 1269 1112 1336; x_wconf 89' lang='lat' dir='ltr'>XXV.</span> <span class='ocrx_word' id='word_1_79' title='bbox 1137 1271 1219 1350; x_wconf 73' lang='lat'>§11</span> <span class='ocrx_word' id='word_1_80' title='bbox 1246 1289 1335 1350; x_wconf 81' lang='grc' dir='ltr'>συμ-</span> 
     </span>
     <span class='ocr_line' id='line_1_10' title="bbox 236 1375 1330 1468; baseline 0.001 -23"><span class='ocrx_word' id='word_1_81' title='bbox 236 1386 322 1465; x_wconf 77' lang='grc' dir='ltr'><strong><em>φορᾷ</em></strong></span> <span class='ocrx_word' id='word_1_82' title='bbox 354 1375 490 1467; x_wconf 75' lang='grc' dir='ltr'><strong><em>τοιαύτη</em></strong></span> <span class='ocrx_word' id='word_1_83' title='bbox 522 1381 723 1468; x_wconf 72' lang='grc' dir='ltr'><strong><em>κεχρημένοι,</em></strong></span> <span class='ocrx_word' id='word_1_84' title='bbox 760 1383 877 1450; x_wconf 89' lang='lat' dir='ltr'>XXXI.</span> <span class='ocrx_word' id='word_1_85' title='bbox 906 1387 925 1464; x_wconf 67' lang='grc' dir='ltr'><strong>ἓ</strong></span> <span class='ocrx_word' id='word_1_86' title='bbox 956 1386 973 1450; x_wconf 81' lang='lat' dir='ltr'>&#39;I</span> <span class='ocrx_word' id='word_1_87' title='bbox 1013 1385 1072 1448; x_wconf 83' lang='lat' dir='ltr'>oet.</span> <span class='ocrx_word' id='word_1_88' title='bbox 1110 1383 1174 1448; x_wconf 81' lang='lat' dir='ltr'>alia</span> <span class='ocrx_word' id='word_1_89' title='bbox 1209 1384 1330 1447; x_wconf 79' lang='lat' dir='ltr'>nostre.</span> 
     </span>
     <span class='ocr_line' id='line_1_11' title="bbox 238 1493 1332 1580; baseline -0.005 -18"><span class='ocrx_word' id='word_1_90' title='bbox 238 1494 365 1562; x_wconf 86' lang='lat' dir='ltr'>Similes</span> <span class='ocrx_word' id='word_1_91' title='bbox 388 1494 695 1576; x_wconf 86' lang='lat' dir='ltr'>circumscriptiones</span> <span class='ocrx_word' id='word_1_92' title='bbox 718 1497 877 1566; x_wconf 87' lang='lat' dir='ltr'>veteribus</span> <span class='ocrx_word' id='word_1_93' title='bbox 907 1495 1114 1580; x_wconf 86' lang='lat' dir='ltr'>scriptoribus</span> <span class='ocrx_word' id='word_1_94' title='bbox 1137 1493 1229 1560; x_wconf 88' lang='lat' dir='ltr'>valde</span> <span class='ocrx_word' id='word_1_95' title='bbox 1258 1493 1332 1576; x_wconf 90' lang='lat' dir='ltr'>pla-</span> 
     </span>
     <span class='ocr_line' id='line_1_12' title="bbox 241 1587 1331 1690; baseline 0 -18"><span class='ocrx_word' id='word_1_96' title='bbox 241 1608 344 1672; x_wconf 91' lang='lat' dir='ltr'>cuisse</span> <span class='ocrx_word' id='word_1_97' title='bbox 369 1587 408 1671; x_wconf 45' lang='lat' dir='ltr'>&#39;ex</span> <span class='ocrx_word' id='word_1_98' title='bbox 439 1626 498 1672; x_wconf 90' lang='lat' dir='ltr'>usu</span> <span class='ocrx_word' id='word_1_99' title='bbox 528 1609 615 1674; x_wconf 90' lang='lat' dir='ltr'>verbi</span> <span class='ocrx_word' id='word_1_100' title='bbox 645 1613 816 1672; x_wconf 68' lang='lat' dir='ltr'>noceretur</span> <span class='ocrx_word' id='word_1_101' title='bbox 846 1611 959 1676; x_wconf 86' lang='lat' dir='ltr'>elucet.</span> <span class='ocrx_word' id='word_1_102' title='bbox 1018 1611 1194 1676; x_wconf 88' lang='lat' dir='ltr'>Occurrunt</span> <span class='ocrx_word' id='word_1_103' title='bbox 1224 1627 1251 1672; x_wconf 90' lang='lat' dir='ltr'>e.</span> <span class='ocrx_word' id='word_1_104' title='bbox 1280 1625 1331 1690; x_wconf 83' lang='lat' dir='ltr'>gr.</span> 
     </span>
     <span class='ocr_line' id='line_1_13' title="bbox 241 1717 1331 1809; baseline -0.001 -24"><span class='ocrx_word' id='word_1_105' title='bbox 241 1717 389 1804; x_wconf 78' lang='grc' dir='ltr'><strong><em>σωοαὸην</em></strong></span> <span class='ocrx_word' id='word_1_106' title='bbox 420 1725 582 1804; x_wconf 77' lang='grc' dir='ltr'><strong><em>ποιοῦμαι</em></strong></span> <span class='ocrx_word' id='word_1_107' title='bbox 611 1741 677 1803; x_wconf 48' lang='lat' dir='ltr'>pro¹</span> <span class='ocrx_word' id='word_1_108' title='bbox 699 1719 871 1800; x_wconf 72' lang='grc' dir='ltr'>σπουδάζω</span> <span class='ocrx_word' id='word_1_109' title='bbox 881 1749 893 1802; x_wconf 88' lang='grc'>,·</span> <span class='ocrx_word' id='word_1_110' title='bbox 928 1718 1043 1809; x_wconf 68' lang='grc' dir='ltr'><strong><em>λόγους</em></strong></span> <span class='ocrx_word' id='word_1_111' title='bbox 1073 1725 1243 1786; x_wconf 76' lang='grc' dir='ltr'><strong><em>ποιεῖσθαι</em></strong></span> <span class='ocrx_word' id='word_1_112' title='bbox 1273 1739 1331 1803; x_wconf 84' lang='lat' dir='ltr'>pro</span> 
     </span>
     <span class='ocr_line' id='line_1_14' title="bbox 236 1831 1332 1921; baseline 0 -23"><span class='ocrx_word' id='word_1_113' title='bbox 236 1833 351 1921; x_wconf 65' lang='grc' dir='ltr'><strong><em>λέγειν,</em></strong></span> <span class='ocrx_word' id='word_1_114' title='bbox 363 1831 559 1920; x_wconf 75' lang='grc' dir='ltr'><strong><em>κατηγορίαν</em></strong></span> <span class='ocrx_word' id='word_1_115' title='bbox 571 1858 607 1899; x_wconf 80' lang='grc' dir='ltr'>ω.</span> <span class='ocrx_word' id='word_1_116' title='bbox 618 1854 674 1917; x_wconf 87' lang='lat' dir='ltr'>pro</span> <span class='ocrx_word' id='word_1_117' title='bbox 683 1846 883 1921; x_wconf 75' lang='grc' dir='ltr'><strong><em>κατηγορεῖν,</em></strong></span> <span class='ocrx_word' id='word_1_118' title='bbox 899 1831 1021 1901; x_wconf 67' lang='lat' dir='ltr'>iiddom.</span> <span class='ocrx_word' id='word_1_119' title='bbox 1033 1855 1088 1918; x_wconf 83' lang='lat' dir='ltr'>pm</span> <span class='ocrx_word' id='word_1_120' title='bbox 1098 1834 1190 1899; x_wconf 83' lang='grc' dir='ltr'><strong><em>ἰέναι.</em></strong></span> <span class='ocrx_word' id='word_1_121' title='bbox 1202 1835 1332 1900; x_wconf 83' lang='lat' dir='ltr'>Isocrat.</span> 
     </span>
     <span class='ocr_line' id='line_1_15' title="bbox 236 1946 1330 2036; baseline -0.001 -24"><span class='ocrx_word' id='word_1_122' title='bbox 236 1947 350 2030; x_wconf 86' lang='lat' dir='ltr'>Areop.</span> <span class='ocrx_word' id='word_1_123' title='bbox 374 1951 393 2028; x_wconf 65' lang='grc' dir='ltr'><strong>ἓ</strong></span> <span class='ocrx_word' id='word_1_124' title='bbox 418 1949 446 2025; x_wconf 84' lang='grc'><strong>1,</strong></span> <span class='ocrx_word' id='word_1_125' title='bbox 469 1946 583 2036; x_wconf 82' lang='lat' dir='ltr'>Aesch.</span> <span class='ocrx_word' id='word_1_126' title='bbox 607 1947 688 2014; x_wconf 80' lang='lat' dir='ltr'>Tim.</span> <span class='ocrx_word' id='word_1_127' title='bbox 715 1949 776 2014; x_wconf 90' lang='grc'>169</span> <span class='ocrx_word' id='word_1_128' title='bbox 801 1953 874 2016; x_wconf 90' lang='lat' dir='ltr'>cett.</span> <span class='ocrx_word' id='word_1_129' title='bbox 926 1949 1017 2029; x_wconf 77' lang='lat' dir='ltr'>Quod</span> <span class='ocrx_word' id='word_1_130' title='bbox 1040 1947 1228 2032; x_wconf 89' lang='lat' dir='ltr'>Bernhardy</span> <span class='ocrx_word' id='word_1_131' title='bbox 1242 1948 1266 2030; x_wconf 88' lang='lat'>¹)</span> <span class='ocrx_word' id='word_1_132' title='bbox 1291 1948 1330 2012; x_wconf 91' lang='lat' dir='ltr'>de</span> 
     </span>
     <span class='ocr_line' id='line_1_16' title="bbox 237 2056 1327 2147; baseline -0.004 -22"><span class='ocrx_word' id='word_1_133' title='bbox 237 2060 428 2143; x_wconf 84' lang='lat' dir='ltr'>periphrasis</span> <span class='ocrx_word' id='word_1_134' title='bbox 450 2078 511 2124; x_wconf 91' lang='lat' dir='ltr'>usu</span> <span class='ocrx_word' id='word_1_135' title='bbox 540 2060 683 2127; x_wconf 91' lang='lat' dir='ltr'>disserit:</span> <span class='ocrx_word' id='word_1_136' title='bbox 715 2056 781 2136; x_wconf 77' lang='lat' dir='ltr'>„ed</span> <span class='ocrx_word' id='word_1_137' title='bbox 811 2056 894 2145; x_wconf 71' lang='grc' dir='ltr'>ἐμόν</span> <span class='ocrx_word' id='word_1_138' title='bbox 925 2060 997 2126; x_wconf 90' lang='lat' dir='ltr'>echt</span> <span class='ocrx_word' id='word_1_139' title='bbox 1025 2060 1142 2126; x_wconf 89' lang='lat' dir='ltr'>ettisoh</span> <span class='ocrx_word' id='word_1_140' title='bbox 1173 2061 1224 2124; x_wconf 80' lang='lat' dir='ltr'>lin</span> <span class='ocrx_word' id='word_1_141' title='bbox 1256 2057 1327 2147; x_wconf 76' lang='grc' dir='ltr'>ἐγώ,</span> 
     </span>
     <span class='ocr_line' id='line_1_17' title="bbox 237 2171 1330 2257; baseline 0.001 -20"><span class='ocrx_word' id='word_1_142' title='bbox 237 2173 346 2256; x_wconf 76' lang='lat' dir='ltr'>htnfig</span> <span class='ocrx_word' id='word_1_143' title='bbox 363 2173 397 2238; x_wconf 96' lang='lat' dir='ltr'>in</span> <span class='ocrx_word' id='word_1_144' title='bbox 414 2171 586 2254; x_wconf 76' lang='lat' dir='ltr'>geuthlter</span> <span class='ocrx_word' id='word_1_145' title='bbox 598 2173 714 2252; x_wconf 74' lang='lat' dir='ltr'>Redd‘,</span> <span class='ocrx_word' id='word_1_146' title='bbox 739 2193 800 2239; x_wconf 93' lang='lat' dir='ltr'>non</span> <span class='ocrx_word' id='word_1_147' title='bbox 820 2175 977 2257; x_wconf 87' lang='lat' dir='ltr'>pertinere</span> <span class='ocrx_word' id='word_1_148' title='bbox 1001 2175 1040 2238; x_wconf 94' lang='lat' dir='ltr'>ad</span> <span class='ocrx_word' id='word_1_149' title='bbox 1063 2178 1206 2239; x_wconf 90' lang='lat' dir='ltr'>nostrum</span> <span class='ocrx_word' id='word_1_150' title='bbox 1224 2173 1330 2240; x_wconf 92' lang='lat' dir='ltr'>locum</span> 
     </span>
     <span class='ocr_line' id='line_1_18' title="bbox 239 2285 528 2368; baseline 0 -18"><span class='ocrx_word' id='word_1_151' title='bbox 239 2286 342 2368; x_wconf 91' lang='lat' dir='ltr'>quivis</span> <span class='ocrx_word' id='word_1_152' title='bbox 364 2285 528 2368; x_wconf 86' lang='lat' dir='ltr'>intelligit.</span> 
     </span>
    </p>

    <p class='ocr_par' dir='ltr' id='par_1_5' title="bbox 238 2396 1329 2710">
     <span class='ocr_line' id='line_1_19' title="bbox 324 2396 1329 2483; baseline 0.003 -21"><span class='ocrx_word' id='word_1_153' title='bbox 324 2396 388 2462; x_wconf 74' lang='lat' dir='ltr'>(lor</span> <span class='ocrx_word' id='word_1_154' title='bbox 403 2397 435 2462; x_wconf 91' lang='lat' dir='ltr'>In</span> <span class='ocrx_word' id='word_1_155' title='bbox 452 2402 560 2463; x_wconf 87' lang='lat' dir='ltr'>nostra</span> <span class='ocrx_word' id='word_1_156' title='bbox 580 2399 720 2464; x_wconf 88' lang='lat' dir='ltr'>oratione</span> <span class='ocrx_word' id='word_1_157' title='bbox 738 2400 884 2478; x_wconf 78' lang='lat' dir='ltr'>vocativi,</span> <span class='ocrx_word' id='word_1_158' title='bbox 909 2399 1022 2483; x_wconf 90' lang='lat' dir='ltr'>quibus</span> <span class='ocrx_word' id='word_1_159' title='bbox 1036 2401 1147 2483; x_wconf 84' lang='lat' dir='ltr'>Lysias</span> <span class='ocrx_word' id='word_1_160' title='bbox 1169 2401 1329 2465; x_wconf 84' lang='lat' dir='ltr'>urrdiIores</span> 
     </span>
     <span class='ocr_line' id='line_1_20' title="bbox 238 2510 1327 2593; baseline 0.002 -17"><span class='ocrx_word' id='word_1_161' title='bbox 238 2510 359 2593; x_wconf 84' lang='lat' dir='ltr'>alloqui</span> <span class='ocrx_word' id='word_1_162' title='bbox 381 2510 472 2590; x_wconf 83' lang='lat' dir='ltr'>solet,</span> <span class='ocrx_word' id='word_1_163' title='bbox 497 2513 623 2577; x_wconf 92' lang='lat' dir='ltr'>omnino</span> <span class='ocrx_word' id='word_1_164' title='bbox 648 2513 874 2592; x_wconf 83' lang='lat' dir='ltr'>desiderentur,</span> <span class='ocrx_word' id='word_1_165' title='bbox 898 2531 961 2578; x_wconf 92' lang='lat' dir='ltr'>non</span> <span class='ocrx_word' id='word_1_166' title='bbox 984 2513 1085 2578; x_wconf 87' lang='lat' dir='ltr'>video.</span> <span class='ocrx_word' id='word_1_167' title='bbox 1138 2513 1221 2578; x_wconf 86' lang='lat' dir='ltr'>Nam</span> <span class='ocrx_word' id='word_1_168' title='bbox 1253 2532 1327 2578; x_wconf 88' lang='lat' dir='ltr'>con-</span> 
     </span>
     <span class='ocr_line' id='line_1_21' title="bbox 240 2622 1329 2710; baseline 0.003 -23"><span class='ocrx_word' id='word_1_169' title='bbox 240 2622 414 2690; x_wconf 82' lang='lat' dir='ltr'>ferentibus</span> <span class='ocrx_word' id='word_1_170' title='bbox 454 2624 544 2690; x_wconf 91' lang='lat' dir='ltr'>nobis</span> <span class='ocrx_word' id='word_1_171' title='bbox 581 2627 658 2691; x_wconf 89' lang='lat' dir='ltr'>orat.</span> <span class='ocrx_word' id='word_1_172' title='bbox 682 2625 761 2691; x_wconf 85' lang='lat' dir='ltr'>XIII</span> <span class='ocrx_word' id='word_1_173' title='bbox 790 2626 905 2707; x_wconf 82' lang='lat' dir='ltr'>viginti</span> <span class='ocrx_word' id='word_1_174' title='bbox 943 2629 1074 2708; x_wconf 76' lang='lat' dir='ltr'>septem,</span> <span class='ocrx_word' id='word_1_175' title='bbox 1106 2626 1181 2690; x_wconf 87' lang='lat' dir='ltr'>XIV</span> <span class='ocrx_word' id='word_1_176' title='bbox 1214 2626 1329 2710; x_wconf 82' lang='lat' dir='ltr'>vigInti</span> 
     </span>
    </p>
   </div>
   <div class='ocr_carea' id='block_1_4' title="bbox 239 2736 1422 2821">
    <p class='ocr_par' dir='ltr' id='par_1_6' title="bbox 239 2736 1422 2821">
     <span class='ocr_line' id='line_1_22' title="bbox 239 2736 1422 2821; baseline 0.003 -21"><span class='ocrx_word' id='word_1_177' title='bbox 239 2736 394 2820; x_wconf 87' lang='lat' dir='ltr'>ejusmodi</span> <span class='ocrx_word' id='word_1_178' title='bbox 413 2738 551 2803; x_wconf 88' lang='lat' dir='ltr'>vocativi</span> <span class='ocrx_word' id='word_1_179' title='bbox 568 2742 745 2816; x_wconf 83' lang='lat' dir='ltr'>occurrunt,</span> <span class='ocrx_word' id='word_1_180' title='bbox 770 2739 823 2820; x_wconf 90' lang='lat' dir='ltr'>qni</span> <span class='ocrx_word' id='word_1_181' title='bbox 842 2757 903 2821; x_wconf 90' lang='lat' dir='ltr'>quo</span> <span class='ocrx_word' id='word_1_182' title='bbox 928 2739 1041 2804; x_wconf 86' lang='lat' dir='ltr'>elatIor</span> <span class='ocrx_word' id='word_1_183' title='bbox 1064 2743 1095 2804; x_wconf 86' lang='lat' dir='ltr'>et</span> <span class='ocrx_word' id='word_1_184' title='bbox 1114 2738 1330 2806; x_wconf 90' lang='lat' dir='ltr'>vehementior</span> <span class='ocrx_word' id='word_1_185' title='bbox 1415 2809 1422 2818; x_wconf 62' lang='grc'><strong><em>,</em></strong></span> 
     </span>
    </p>
   </div>
   <div class='ocr_carea' id='block_1_5' title="bbox 237 2850 1329 3707">
    <p class='ocr_par' dir='ltr' id='par_1_7' title="bbox 237 2850 1329 3707">
     <span class='ocr_line' id='line_1_23' title="bbox 238 2850 1328 2933; baseline 0.002 -19"><span class='ocrx_word' id='word_1_186' title='bbox 238 2850 302 2914; x_wconf 91' lang='lat' dir='ltr'>ruit</span> <span class='ocrx_word' id='word_1_187' title='bbox 326 2850 436 2928; x_wconf 82' lang='lat' dir='ltr'>oratio,</span> <span class='ocrx_word' id='word_1_188' title='bbox 468 2869 504 2916; x_wconf 92' lang='lat' dir='ltr'>eo</span> <span class='ocrx_word' id='word_1_189' title='bbox 535 2851 661 2933; x_wconf 90' lang='lat' dir='ltr'>saepius</span> <span class='ocrx_word' id='word_1_190' title='bbox 690 2851 855 2917; x_wconf 89' lang='lat' dir='ltr'>iterantur.</span> <span class='ocrx_word' id='word_1_191' title='bbox 902 2853 956 2918; x_wconf 87' lang='lat' dir='ltr'>cfr.</span> <span class='ocrx_word' id='word_1_192' title='bbox 980 2852 1069 2918; x_wconf 87' lang='lat' dir='ltr'>XIII.</span> <span class='ocrx_word' id='word_1_193' title='bbox 1093 2855 1112 2933; x_wconf 64' lang='grc' dir='ltr'>ξ</span> <span class='ocrx_word' id='word_1_194' title='bbox 1136 2853 1186 2917; x_wconf 81' lang='grc'>70.</span> <span class='ocrx_word' id='word_1_195' title='bbox 1232 2853 1328 2918; x_wconf 90' lang='lat' dir='ltr'>Porro</span> 
     </span>
     <span class='ocr_line' id='line_1_24' title="bbox 238 2962 1329 3049; baseline 0.001 -20"><span class='ocrx_word' id='word_1_196' title='bbox 238 2962 308 3045; x_wconf 82' lang='lat' dir='ltr'>quis</span> <span class='ocrx_word' id='word_1_197' title='bbox 331 2966 455 3028; x_wconf 85' lang='lat' dir='ltr'>tantam</span> <span class='ocrx_word' id='word_1_198' title='bbox 478 2963 725 3029; x_wconf 90' lang='lat' dir='ltr'>inconstantiam</span> <span class='ocrx_word' id='word_1_199' title='bbox 749 2964 864 3048; x_wconf 85' lang='lat' dir='ltr'>Lysiae</span> <span class='ocrx_word' id='word_1_200' title='bbox 888 2965 1057 3049; x_wconf 87' lang='lat' dir='ltr'>objurgare</span> <span class='ocrx_word' id='word_1_201' title='bbox 1080 2966 1205 3044; x_wconf 79' lang='lat' dir='ltr'>audeat,</span> <span class='ocrx_word' id='word_1_202' title='bbox 1229 2983 1329 3048; x_wconf 88' lang='lat' dir='ltr'>quen-</span> 
     </span>
     <span class='ocr_line' id='line_1_25' title="bbox 238 3077 1329 3160; baseline 0.003 -20"><span class='ocrx_word' id='word_1_203' title='bbox 238 3078 435 3141; x_wconf 85' lang='lat' dir='ltr'>temerator</span> <span class='ocrx_word' id='word_1_204' title='bbox 461 3077 651 3160; x_wconf 89' lang='lat' dir='ltr'>doseipso</span> <span class='ocrx_word' id='word_1_205' title='bbox 680 3077 813 3160; x_wconf 89' lang='lat' dir='ltr'>loquens</span> <span class='ocrx_word' id='word_1_206' title='bbox 844 3077 966 3160; x_wconf 85' lang='lat' dir='ltr'>probat,</span> <span class='ocrx_word' id='word_1_207' title='bbox 996 3099 1068 3144; x_wconf 88' lang='lat' dir='ltr'>cum</span> <span class='ocrx_word' id='word_1_208' title='bbox 1098 3097 1169 3144; x_wconf 85' lang='lat' dir='ltr'>mox</span> <span class='ocrx_word' id='word_1_209' title='bbox 1199 3097 1329 3143; x_wconf 91' lang='lat' dir='ltr'>numero</span> 
     </span>
     <span class='ocr_line' id='line_1_26' title="bbox 239 3186 1326 3275; baseline 0.001 -22"><span class='ocrx_word' id='word_1_210' title='bbox 239 3187 404 3273; x_wconf 79' lang='lat' dir='ltr'>singulari,</span> <span class='ocrx_word' id='word_1_211' title='bbox 439 3208 511 3255; x_wconf 84' lang='lat' dir='ltr'>mon</span> <span class='ocrx_word' id='word_1_212' title='bbox 544 3191 662 3272; x_wconf 82' lang='lat' dir='ltr'>plurali</span> <span class='ocrx_word' id='word_1_213' title='bbox 690 3194 844 3256; x_wconf 72' lang='lat' dir='ltr'>ntatnr‘i&#39;</span> <span class='ocrx_word' id='word_1_214' title='bbox 876 3190 894 3273; x_wconf 62' lang='lat' dir='ltr'>d</span> <span class='ocrx_word' id='word_1_215' title='bbox 925 3193 946 3256; x_wconf 90' lang='grc'>4</span> <span class='ocrx_word' id='word_1_216' title='bbox 975 3188 1076 3275; x_wconf 75' lang='grc' dir='ltr'><strong><em>ἡμᾶς,</em></strong></span> <span class='ocrx_word' id='word_1_217' title='bbox 1114 3196 1133 3273; x_wconf 64' lang='grc' dir='ltr'><em>ξ</em></span> <span class='ocrx_word' id='word_1_218' title='bbox 1168 3193 1185 3255; x_wconf 83' lang='grc'><strong>7</strong></span> <span class='ocrx_word' id='word_1_219' title='bbox 1218 3186 1326 3266; x_wconf 72' lang='grc' dir='ltr'><strong><em>αὐτὸς,</em></strong></span> 
     </span>
     <span class='ocr_line' id='line_1_27' title="bbox 238 3298 1326 3391; baseline -0.002 -25"><span class='ocrx_word' id='word_1_220' title='bbox 238 3301 259 3386; x_wconf 56' lang='grc' dir='ltr'>ᾗ</span> <span class='ocrx_word' id='word_1_221' title='bbox 287 3302 307 3366; x_wconf 87' lang='grc'>8</span> <span class='ocrx_word' id='word_1_222' title='bbox 341 3298 447 3386; x_wconf 75' lang='grc' dir='ltr'><strong><em>ἡμῶν,</em></strong></span> <span class='ocrx_word' id='word_1_223' title='bbox 484 3305 503 3382; x_wconf 64' lang='grc' dir='ltr'>ξ</span> <span class='ocrx_word' id='word_1_224' title='bbox 531 3302 551 3367; x_wconf 85' lang='grc'><strong>9</strong></span> <span class='ocrx_word' id='word_1_225' title='bbox 581 3299 674 3386; x_wconf 78' lang='grc' dir='ltr'><strong><em>ἡμῖν,</em></strong></span> <span class='ocrx_word' id='word_1_226' title='bbox 709 3307 729 3383; x_wconf 65' lang='lat'>5</span> <span class='ocrx_word' id='word_1_227' title='bbox 760 3305 800 3368; x_wconf 89' lang='lat'>13</span> <span class='ocrx_word' id='word_1_228' title='bbox 833 3307 957 3391; x_wconf 77' lang='grc' dir='ltr'><strong><em>ἔτυχον,</em></strong></span> <span class='ocrx_word' id='word_1_229' title='bbox 993 3307 1013 3384; x_wconf 66' lang='grc' dir='ltr'>ἓ</span> <span class='ocrx_word' id='word_1_230' title='bbox 1046 3305 1084 3369; x_wconf 89' lang='grc'>18</span> <span class='ocrx_word' id='word_1_231' title='bbox 1113 3299 1326 3387; x_wconf 77' lang='grc' dir='ltr'><strong><em>ωοθηοομαι,</em></strong></span> 
     </span>
     <span class='ocr_line' id='line_1_28' title="bbox 237 3402 1329 3501; baseline 0.002 -23"><span class='ocrx_word' id='word_1_232' title='bbox 237 3402 259 3495; x_wconf 58' lang='grc' dir='ltr'>ξ</span> <span class='ocrx_word' id='word_1_233' title='bbox 283 3415 321 3480; x_wconf 83' lang='grc'>19</span> <span class='ocrx_word' id='word_1_234' title='bbox 345 3411 416 3501; x_wconf 72' lang='grc' dir='ltr'>ἐγώ.</span> <span class='ocrx_word' id='word_1_235' title='bbox 465 3414 562 3498; x_wconf 78' lang='lat' dir='ltr'>Cujus</span> <span class='ocrx_word' id='word_1_236' title='bbox 585 3415 631 3480; x_wconf 90' lang='lat' dir='ltr'>rei</span> <span class='ocrx_word' id='word_1_237' title='bbox 654 3417 798 3499; x_wconf 83' lang='lat' dir='ltr'>exempla</span> <span class='ocrx_word' id='word_1_238' title='bbox 830 3416 862 3481; x_wconf 94' lang='lat' dir='ltr'>in</span> <span class='ocrx_word' id='word_1_239' title='bbox 885 3417 998 3500; x_wconf 86' lang='lat' dir='ltr'>Lysiae</span> <span class='ocrx_word' id='word_1_240' title='bbox 1022 3418 1216 3484; x_wconf 88' lang='lat' dir='ltr'>orationibus</span> <span class='ocrx_word' id='word_1_241' title='bbox 1239 3417 1329 3482; x_wconf 89' lang='lat' dir='ltr'>nulla</span> 
     </span>
     <span class='ocr_line' id='line_1_29' title="bbox 239 3529 1329 3614; baseline 0.002 -22"><span class='ocrx_word' id='word_1_242' title='bbox 239 3531 373 3612; x_wconf 85' lang='lat' dir='ltr'>exstant,</span> <span class='ocrx_word' id='word_1_243' title='bbox 397 3547 471 3594; x_wconf 86' lang='lat' dir='ltr'>nam</span> <span class='ocrx_word' id='word_1_244' title='bbox 494 3529 556 3595; x_wconf 91' lang='lat' dir='ltr'>XII</span> <span class='ocrx_word' id='word_1_245' title='bbox 578 3529 599 3612; x_wconf 66' lang='grc' dir='ltr'>ξ</span> <span class='ocrx_word' id='word_1_246' title='bbox 622 3529 661 3594; x_wconf 88' lang='grc'><strong>81</strong></span> <span class='ocrx_word' id='word_1_247' title='bbox 686 3531 737 3594; x_wconf 90' lang='lat' dir='ltr'>vel</span> <span class='ocrx_word' id='word_1_248' title='bbox 760 3530 836 3595; x_wconf 91' lang='lat' dir='ltr'>XIV</span> <span class='ocrx_word' id='word_1_249' title='bbox 858 3531 879 3614; x_wconf 67' lang='grc' dir='ltr'>ξ</span> <span class='ocrx_word' id='word_1_250' title='bbox 904 3530 942 3594; x_wconf 89' lang='grc'><strong>18</strong></span> <span class='ocrx_word' id='word_1_251' title='bbox 967 3531 1008 3596; x_wconf 86' lang='lat' dir='ltr'>ab</span> <span class='ocrx_word' id='word_1_252' title='bbox 1031 3533 1138 3596; x_wconf 90' lang='lat' dir='ltr'>nostro</span> <span class='ocrx_word' id='word_1_253' title='bbox 1161 3531 1231 3596; x_wconf 92' lang='lat' dir='ltr'>looo</span> <span class='ocrx_word' id='word_1_254' title='bbox 1255 3532 1329 3595; x_wconf 92' lang='lat' dir='ltr'>sunt</span> 
     </span>
     <span class='ocr_line' id='line_1_30' title="bbox 239 3641 947 3707; baseline 0.006 -2"><span class='ocrx_word' id='word_1_255' title='bbox 239 3641 445 3707; x_wconf 86' lang='lat' dir='ltr'>alienissime.</span> <span class='ocrx_word' id='word_1_256' title='bbox 940 3662 947 3674; x_wconf 93' lang='lat'><em>·</em></span> 
     </span>
    </p>
   </div>
   <div class='ocr_carea' id='block_1_6' title="bbox 136 3753 1327 3850">
    <p class='ocr_par' dir='ltr' id='par_1_8' title="bbox 136 3753 1327 3850">
     <span class='ocr_line' id='line_1_31' title="bbox 136 3753 1327 3850; baseline 0 -30"><span class='ocrx_word' id='word_1_257' title='bbox 136 3835 140 3842; x_wconf 35' lang='grc'><strong><em>,</em></strong></span> <span class='ocrx_word' id='word_1_258' title='bbox 326 3753 475 3837; x_wconf 84' lang='lat' dir='ltr'>Sequitur</span> <span class='ocrx_word' id='word_1_259' title='bbox 498 3757 533 3820; x_wconf 91' lang='lat' dir='ltr'>ut</span> <span class='ocrx_word' id='word_1_260' title='bbox 556 3756 594 3821; x_wconf 92' lang='lat' dir='ltr'>de</span> <span class='ocrx_word' id='word_1_261' title='bbox 618 3754 705 3830; x_wconf 73' lang='grc' dir='ltr'>ἅπαξ</span> <span class='ocrx_word' id='word_1_262' title='bbox 727 3755 925 3850; x_wconf 70' lang='grc' dir='ltr'>1εγοηιένοιο,</span> <span class='ocrx_word' id='word_1_263' title='bbox 953 3774 1033 3840; x_wconf 88' lang='lat' dir='ltr'>quae</span> <span class='ocrx_word' id='word_1_264' title='bbox 1056 3757 1205 3822; x_wconf 89' lang='lat' dir='ltr'>dicuntur</span> <span class='ocrx_word' id='word_1_265' title='bbox 1226 3775 1327 3838; x_wconf 89' lang='lat' dir='ltr'>panca</span> 
     </span>
    </p>
   </div>
   <div class='ocr_carea' id='block_1_7' title="bbox 239 3867 1327 3952">
    <p class='ocr_par' dir='ltr' id='par_1_9' title="bbox 239 3867 1327 3952">
     <span class='ocr_line' id='line_1_32' title="bbox 239 3867 1327 3952; baseline -0.002 -18"><span class='ocrx_word' id='word_1_266' title='bbox 239 3867 446 3951; x_wconf 85' lang='lat' dir='ltr'>proferamus.</span> <span class='ocrx_word' id='word_1_267' title='bbox 490 3869 602 3947; x_wconf 85' lang='lat' dir='ltr'>Nemo,</span> <span class='ocrx_word' id='word_1_268' title='bbox 625 3869 744 3952; x_wconf 89' lang='lat' dir='ltr'>opinor,</span> <span class='ocrx_word' id='word_1_269' title='bbox 769 3869 978 3934; x_wconf 85' lang='lat' dir='ltr'>fallacIssImo</span> <span class='ocrx_word' id='word_1_270' title='bbox 999 3867 1119 3952; x_wconf 89' lang='lat' dir='ltr'>judicio</span> <span class='ocrx_word' id='word_1_271' title='bbox 1138 3867 1327 3934; x_wconf 86' lang='lat' dir='ltr'>vocabulum</span> 
     </span>
    </p>
   </div>
   <div class='ocr_carea' id='block_1_8' title="bbox 327 4108 886 4183">
    <p class='ocr_par' dir='ltr' id='par_1_10' title="bbox 327 4108 886 4183">
     <span class='ocr_line' id='line_1_33' title="bbox 327 4108 886 4183; baseline 0.005 -17"><span class='ocrx_word' id='word_1_272' title='bbox 327 4110 349 4181; x_wconf 87' lang='lat'>¹)</span> <span class='ocrx_word' id='word_1_273' title='bbox 367 4109 522 4181; x_wconf 86' lang='lat' dir='ltr'>Bernhardy</span> <span class='ocrx_word' id='word_1_274' title='bbox 541 4108 645 4167; x_wconf 84' lang='lat' dir='ltr'>Grieoh.</span> <span class='ocrx_word' id='word_1_275' title='bbox 663 4111 763 4181; x_wconf 71' lang='lat' dir='ltr'>syntax</span> <span class='ocrx_word' id='word_1_276' title='bbox 781 4132 807 4183; x_wconf 78' lang='lat' dir='ltr'>p,</span> <span class='ocrx_word' id='word_1_277' title='bbox 827 4115 886 4169; x_wconf 75' lang='lat'>326·</span> 
     </span>
    </p>
   </div>
   <div class='ocr_carea' id='block_1_9' title="bbox 0 0 1474 4736">
    <p class='ocr_par' dir='ltr' id='par_1_11' title="bbox 0 0 1474 4736">
     <span class='ocr_line' id='line_1_34' title="bbox 0 0 1474 4736; baseline 0 0"><span class='ocrx_word' id='word_1_278' title='bbox 0 0 1474 4736; x_wconf 95' lang='lat' dir='ltr'> </span> 
     </span>
    </p>
   </div>
  </div>
 </body>
</html>
