2940 4736
1151 319 1194 384 25

105 488 288 568 difficultas,
312 509 407 574 quem
422 497 549 576 μᾶλλον
564 493 754 557 vocabulum
767 492 856 576 justa
871 493 1067 574 oppositione
1083 512 1193 560 carens

104 606 219 667 movet.
265 603 375 687 Neque
406 606 608 688 conjecturae
630 607 701 684 hee,
733 625 810 688 quas
839 605 1048 688 approbemus
1080 607 1193 691 dignae

107 716 261 782 videntur.
308 719 474 801 Emporiis
497 718 600 783 nocitor
625 710 731 796 οὗτος,
759 717 797 782 ὃν
820 717 955 806 ἐνοχλεῖν
979 715 1096 805 ᾤεσθε,
1121 718 1195 802 περὶ

13 911 14 918 ¹
104 826 252 902 πλείονος
274 828 452 914 ἐποιήσατο
477 830 584 896 δοκεῖν
607 835 690 915 ἐμοῦ
712 828 884 915 κήδεσθαι,
910 831 1097 913 καὶμᾶλλον
1111 835 1192 915 ἐμοῦ

104 952 254 1006 κατεῖπεν
272 963 459 1027 proponens,
478 947 651 1012 antithesin
670 946 912 1012 usitatissimam
932 946 1015 1027 apud
1037 959 1194 1010 oratorem

13 1057 14 1062 ’
104 1059 246 1121 nostrum
262 1047 397 1141 figuram
411 1059 505 1138 delet,
529 1079 568 1125 ne
592 1059 696 1124 dioam
713 1060 751 1124 do
771 1059 1015 1141 impeditissima
1027 1043 1194 1124 'construo-

105 1169 199 1234 tione.
236 1171 451 1237 Franckenius
463 1173 506 1256 (p.
520 1169 575 1256 63)
588 1173 703 1238 maluit
715 1168 797 1256 πρὸς
810 1169 924 1245 ἄλλους
936 1151 1021 1255 ἐμοῦ
1030 1182 1194 1236 κατειπεῖν

13 1373 14 1376 ¹
105 1281 155 1347 uel
173 1287 207 1347 ut
224 1285 351 1367 propius
370 1287 410 1350 ad
428 1286 582 1352 librorum
599 1288 769 1352 lectionem
787 1283 949 1369 adeodati}
961 1288 992 1350 οἱ
1005 1283 1093 1350 ἄλλοι
1110 1289 1192 1370 ἐμοῦ

105 1407 276 1460 κατειπεῖν.
326 1398 435 1482 Neque
459 1401 617 1465 sententia
641 1419 719 1482 quae
744 1420 780 1465 ex
803 1401 972 1465 Kimhneri
996 1400 1192 1483 conjectura:

13 1513 14 1542 ³
103 1507 251 1590 ἢᾶῖῖεον
278 1506 327 1596 με)
357 1523 522 1576 κατειπεῖν
551 1549 590 1560 -
622 1514 722 1578 oritur
752 1518 826 1596 apta
857 1517 888 1578 et
918 1514 1030 1579 idonea
1059 1513 1193 1578 videtur.

104 1620 323 1690 Buermannns
353 1627 396 1708 (p.
428 1625 506 1711 354)
537 1627 647 1692 scribit
681 1625 733 1688 καῖ
763 1621 916 1698 τοιαύτας
946 1625 1094 1712 ἐνοχλεῖν.
1151 1627 1195 1690 At

104 1733 256 1811 τοιοῦτος
285 1757 356 1804 oum
387 1740 429 1804 sit
452 1727 553 1804 forma
576 1741 608 1804 in
632 1739 856 1805 florentissima
880 1743 984 1805 aetate
1016 1747 1120 1823 graec.
1142 1740 1192 1804 lit.

106 1851 358 1932 inusitatissima,
387 1872 449 1918 non
473 1854 559 1918 oadit
589 1855 621 1918 in
643 1857 788 1919 nostrum
810 1853 927 1918 locum.
973 1854 1192 1917 Buermannus

105 1964 252 2045 proclivis
280 1984 348 2031 esse
381 1967 506 2032 videtur
535 1968 576 2032 ad
599 1967 717 2032 formas
748 1967 880 2032 seriores
911 1967 1107 2048 usurpandas
1136 1966 1170 2030 oi
1185 2017 1192 2032 .

107 2079 358 2145 emendationem
392 2082 412 2164 ξ
446 2082 461 2144 1
496 2077 704 2163 πολοπείρον
736 2099 793 2162 pro
826 2077 933 2164 πολλῷ
967 2076 1104 2156 nictum
1138 2079 1194 2142 sed

108 2191 185 2255 ratio
210 2191 329 2272 oritioo,
362 2211 457 2276 quam
480 2194 552 2259 iniit
574 2193 607 2257 in
631 2197 780 2259 contextu
804 2192 1028 2258 conformando
1057 2211 1087 2274 p.
1111 2189 1192 2256 357:

106 2303 175 2380 „die
204 2305 400 2388 Riobtiglreit
430 2308 485 2371 der
514 2307 723 2372 Emendation
755 2307 797 2371 ist
828 2326 881 2370 um
911 2325 945 2370 so
974 2303 1192 2383 zweifelloser,

106 2415 151 2480 ais
175 2417 230 2481 der
252 2417 532 2505 Spraobgebrauoh
562 2422 616 2486 der
639 2439 759 2504 genuen
783 2420 869 2484 Rede
899 2419 1193 2483 anerkanirter-

106 2547 266 2596 massen
300 2534 358 2599 auf
377 2533 561 2599 Oiassioit'at
589 2534 702 2599 keinen
727 2531 1112 2615 Ansp1·uohmaoht“·-
1136 2533 1193 2597 ob·

106 2642 191 2708 ducit
214 2645 254 2710 ad
277 2646 443 2711 libidinem
467 2651 499 2712 et
520 2648 693 2713 lieentiam.
732 2633 880 2712 Fortasse
905 2647 950 2710 sio
974 2643 1192 2709 seribendum:

108 2775 162 2837 pro
185 2757 386 2841 καὶμᾶλλον
409 2763 491 2842 ἐμοῦ
515 2797 559 2808 -
581 2757 650 2823 ἀλλ’
677 2759 777 2844 ὅμως,
810 2759 921 2824 deinde
951 2757 1108 2824 infinitivo
1136 2779 1195 2820 κοι-
1269 2743 1271 2748 ’

104 2880 225 2932 τειπεῖν
247 2871 281 2936 in
304 2872 392 2938 uerbi
421 2873 504 2938 finiti
527 2874 662 2938 formam
685 2875 807 2938 mutato
831 2881 992 2946 κατεῖπεν,
1023 2889 1105 2936 nova
1136 2889 1192 2935 na·

106 2982 204 3047 soitur
225 2985 335 3064 oratio,
362 3003 442 3068 quoe
466 2989 498 3050 et
520 2986 726 3068 grammatice
751 2988 895 3051 constare
918 2987 1024 3066 potest
1056 2987 1087 3048 et
1109 2984 1193 3066 quod

106 3096 221 3161 attinet
244 3099 284 3162 ad
307 3117 373 3163 rem
387 3102 545 3166 etnexum
568 3100 686 3182 optimo
711 3101 750 3164 ad
774 3098 992 3164 antecedentia
1015 3098 1192 3180 respondet.

105 3209 244 3274 Verbum
253 3222 415 3277 κατειπεῖν
427 3214 609 3295 genetivum
622 3232 684 3278 non
697 3213 874 3296 efflagitare
887 3213 1018 3294 apparet
1030 3230 1066 3274 eu
1074 3210 1192 3276 Herod.
1226 3205 1231 3218 “

104 3323 144 3387 ΙΙ.
165 3322 216 3388 89.
256 3325 400 3408 Denique
423 3326 518 3391 verba
541 3325 615 3410 περὶ
638 3322 788 3398 πλείονος
811 3328 958 3408 oorrupta
981 3326 1064 3389 sunt.
1110 3324 1193 3388 Nam

104 3433 177 3518 περὶ
198 3435 348 3511 πλείονος
369 3459 425 3522 pro
449 3439 585 3523 simplioi
608 3439 681 3523 περὶ
704 3438 840 3515 πολιοῦ,
866 3438 949 3520 quod
966 3438 1192 3515 desideramus,

106 3551 249 3632 usurpari
271 3553 391 3636 nequit,
420 3571 520 3635 neque
548 3556 656 3618 tamen
685 3553 768 3634 quod
798 3569 870 3616 oum
899 3552 993 3616 uerbo
1023 3555 1194 3614 ποιεῖσθαι

105 3662 255 3748 conjungi
284 3666 385 3747 possit
416 3670 527 3732 exstat.
574 3667 655 3730 Tota
685 3663 785 3731 oratio
817 3667 994 3745 temporum
1024 3661 1192 3746 iniquitate

106 3776 274 3859 deprauata
303 3781 361 3858 est,
397 3780 478 3843 unde
510 3779 655 3844 inbono
685 3796 807 3862 quoque
837 3777 943 3842 looum
973 3775 1063 3841 lobes
1092 3776 1191 3842 fluxit.

105 3890 215 3972 Itaque
234 3890 280 3956 sio
297 3891 499 3957 scribendum
515 3910 672 3975 propono:
696 3889 751 3954 κατ’
771 3913 831 3975 μοι
848 3888 949 3962 οὕτως
961 3887 1090 3975 ἐνοχλεῖ,
1112 3887 1193 3952 ὥστε

104 4001 177 4084 περὶ
207 4003 330 4068 πολλοῦ
360 4000 538 4087 ἐποιήσατο
563 4002 670 4068 δοκεῖν
692 4007 773 4088 ἐμοῦ
798 3998 970 4086 κήδεσθαι,
1004 3997 1069 4064 ἀλλ’
1103 3999 1192 4084 ὅμως

104 4138 266 4182 κατειπεν.
