2914 4728
49 443 51 456 >
87 417 190 483 Arist.
215 416 298 482 Nub.
322 433 352 481 v.
378 413 470 480 1411.
494 411 638 496 Xenoph.
662 409 733 496 Cpr.
755 414 786 478 8.
805 413 836 480 2.
857 415 886 480 1.
929 415 1042 497 Itaque
1064 415 1187 482 Reislrii

48 520 50 600 l
88 528 271 596 emendatio
306 521 394 592 εὖνοι
427 523 519 599 ὄντες
551 527 759 609 praeferenda
793 530 852 606 ert,
891 528 1079 610 praesertim
1112 548 1185 594 oum

87 641 256 708 Benseleri
285 642 323 706 de
351 641 442 706 hiatu
470 640 505 704 in
532 642 641 705 nostra
664 639 807 706 oratione
829 659 894 706 non
921 641 1060 708 admisso
1088 660 1184 724 argn-

87 755 309 822 mentationen
332 774 395 821 non
426 753 553 820 omnino
581 753 779 836 probandam
807 773 876 820 esse
906 773 1000 837 supra
1031 774 1184 838 exposue-

87 887 200 934 rimus.

432 991 848 1000 m

176 1183 223 1248 llx
245 1182 295 1248 his
318 1200 398 1266 quae
422 1200 517 1265 supra
542 1181 615 1260 dini,
646 1185 778 1264 apparet
800 1182 883 1248 hano
907 1182 1083 1248 orationem
1114 1200 1183 1248 esse

38 1288 40 1378 f
86 1297 294 1362 vehementer
317 1299 506 1379 corruptam.
551 1295 658 1361 Etiam
680 1295 740 1360 hae
764 1297 801 1378 de
824 1313 920 1361 eausa
949 1295 987 1361 de
1010 1314 1083 1362 vero
1107 1313 1183 1362 auo·

37 1457 38 1472 ,
86 1415 157 1476 tore
195 1413 227 1475 et
263 1410 302 1476 de
335 1410 404 1494 ejus
441 1412 546 1475 aetate
580 1409 751 1474 admodum
785 1409 915 1474 diffieile
949 1412 997 1475 est
1027 1409 1182 1493 judieare.

36 1544 37 1608 p
87 1523 176 1587 Illud
210 1523 317 1587 tamen
354 1525 477 1588 eertum
511 1523 645 1600 videtur,
688 1524 728 1587 ab
759 1523 856 1606 Lysia
887 1540 957 1588 eam
990 1522 1087 1589 soribi
1119 1542 1183 1589 non

35 1628 36 1681 l
86 1635 240 1718 potuisse.
296 1635 444 1700 Dioerem
477 1635 612 1701 rhetoris
655 1653 725 1699 esse
761 1635 900 1714 serioris,
938 1636 993 1718 qui
1027 1636 1064 1700 de
1099 1636 1182 1702 falsa

87 1747 231 1814 amioitia
254 1747 391 1814 seribere
414 1751 540 1831 poteret
563 1749 596 1813 in
618 1747 812 1814 universum.
846 1749 890 1814 At
913 1767 949 1813 ex
973 1749 1021 1828 iis,
1045 1768 1126 1832 qnae
1147 1750 1182 1815 in

32 1884 33 1937 l
87 1862 108 1946 ξ
134 1861 177 1926 10
199 1862 236 1926 de
260 1880 339 1944 equo
363 1861 494 1945 ejusque
516 1861 736 1944 pignoratione
760 1864 939 1941 narrantur,
962 1862 1101 1946 intelligi
1122 1881 1181 1946 po·

88 1977 155 2040 test
177 1993 240 2040 non
264 1974 302 2040 de
325 1974 409 2040 fietis
432 1975 488 2040 sed
511 1976 548 2041 de
571 1975 655 2039 veris
686 1974 856 2042 rebnshio
878 1975 940 2059 agi.
985 1976 1097 2058 Itaque
1120 1975 1180 2042 hoo

29 2099 31 2150 5
87 2107 189 2152 unum
223 2088 304 2168 dieo,
338 2086 515 2154 orationem
548 2091 620 2170 post
647 2087 764 2172 Lysiae
798 2091 942 2171 tempora
969 2087 1180 2172 conscriptam

88 2219 168 2267 0880.

427 2325 842 2334 m

177 2515 286 2581 Oratio
308 2515 513 2598 ipsavidetur
536 2516 679 2581 addenda
701 2533 781 2594 esse,
805 2518 841 2580 ut
864 2515 1063 2599 conjecturas
1081 2537 1177 2601 quas·
1225 2583 1232 2592 ,

89 2628 163 2693 dam
193 2646 280 2693 meas
309 2628 446 2693 inserere
475 2629 605 2711 possim,
635 2647 714 2711 quas
745 2646 839 2711 snpra
867 2630 1007 2696 nondum
1037 2649 1176 2698 eommo-

88 2741 219 2806 morovi.
275 2741 359 2807 Tum
400 2740 517 2824 scripta
550 2741 620 2824 jam
659 2743 881 2808 dissertatione
918 2763 989 2809 mea
1023 2745 1102 2810 alias
1136 2746 1175 2811 ab

88 2854 191 2919 amieo
215 2853 412 2938 oonjeoturas
436 2855 552 2937 accepi,
583 2874 662 2938 quas
691 2856 759 2938 ipse
783 2856 902 2921 fatetur
931 2856 1068 2950 ineertas
1098 2877 1176 2925 esse.

88 2965 241 3032 Attamen
261 2967 358 3032 etiam
374 2968 431 3034 has
450 2987 506 3033 suo
523 2987 680 3051 quamque
696 2969 767 3033 looo
786 2968 958 3053 adjungere
975 2989 1038 3035 non
1055 2970 1174 3039 dubito.

300 3156 513 3224 ΛΥΣΙΟΥ
541 3157 959 3225 ΚΑΚΟΛΟΓΙΩΝ.

169 3275 377 3363 Ἐιιιτὴδειὸι
397 3303 457 3362 paor
481 3277 563 3345 dono]
586 3276 699 3364 καιρὸν
722 3280 886 3365 εἰληφέναι
907 3280 982 3366 περὶ
1005 3275 1050 3347 ὧν
1073 3285 1174 3348 εἰπεῖν

86 3387 274 3477 ἐβουλὸμην
295 3387 414 3456 πάλαι·
447 3388 577 3477 πάρεισι
598 3395 663 3476 loia
683 3389 745 3480 γὰρ
769 3389 817 3466 οἷς
839 3395 1013 3480 ἐπεγκαλῶ,
1044 3392 1175 3480 πάρεισι

86 3499 122 3570 δὲ
145 3497 190 3570 ὧν
217 3505 367 3569 ἐναντίοι
394 3507 549 3590 ἐπιθυμῶ
578 3505 784 3590 μέμψασθαι
811 3517 878 3580 τοῖς
906 3503 1075 3575 ἀδικοῦσιν
1101 3508 1171 3593 ἐμὲ.

85 3617 149 3681 καὶ
167 3618 193 3702 ¹)
214 3618 320 3704 πολλῷ
343 3616 460 3682 πλείων
484 3617 549 3682 doni
574 3615 702 3702 σπουδὴ
726 3617 810 3702 πρὸς
831 3615 908 3692 τοὺς
932 3617 1185 3706 donauwia-⁴

84 3753 157 3804 τας
176 3731 221 3816 2)·
252 3741 339 3804 τοῖς
361 3726 509 3819 μὲνγὰρ
533 3729 627 3797 οὐδὲν
651 3729 745 3816 οἶμαι
771 3727 1024 3817 pretiosior),
1057 3737 1087 3799 εἰ
1106 3745 1173 3808 τοῖς

172 3965 194 4036 ¹)
213 3968 273 4034 aar'3
301 3967 364 4022 libri
390 3969 490 4020 καίτοι.
512 3999 543 4006 —-
571 3967 590 4031 'j
609 3965 806 4038 συμπαρόντας
834 3966 933 4021 amicus
957 3969 1084 4039 conjecit3
1110 3971 1172 4026 libri

83 4051 232 4122 παρόντας.
255 4083 286 4092 ι·
305 4052 429 4122 1’)τιῖι.
450 4090 457 4106 ·
480 4091 487 4107 ·
508 4092 515 4107 .
535 4052 895 4124 peiq'oeev51ibrirois-
915 4053 1051 4121 τιμήσειν.

963 4139 999 4197 3*
